@String{JCP = "Journal of Computational Physics" }
@String{TOG = "ACM Transactions on Graphics" }
@String{PRE = "Physical Review E" }
@String{TVCG = "IEEE Transactions on Visualization and Computer Graphics" }

@article{doi:10.2514/1.15993,
  author  = {Li, X. M. and Leung, R. C. K. and So, R. M. C.},
  title   = {One-Step Aeroacoustics Simulation Using Lattice Boltzmann Method},
  journal = {AIAA Journal},
  volume  = {44},
  number  = {1},
  pages   = {78-89},
  year    = {2006}
}

@article{JOHNSON20051115,
  title   = {Thirty years of development and application of CFD at Boeing Commercial Airplanes, Seattle},
  journal = {Computers & Fluids},
  volume  = {34},
  number  = {10},
  pages   = {1115-1151},
  year    = {2005},
  issn    = {0045-7930},
  author  = {Forrester T. Johnson and Edward N. Tinoco and N. Jong Yu}
}

@article{ASLAMBHUTTA20121,
  title   = {CFD applications in various heat exchangers design: A review},
  journal = {Applied Thermal Engineering},
  volume  = {32},
  pages   = {1-12},
  year    = {2012},
  issn    = {1359-4311},
  author  = {Muhammad Mahmood {Aslam Bhutta} and Nasir Hayat and Muhammad Hassan Bashir and Ahmer Rais Khan and Kanwar Naveed Ahmad and Sarfaraz Khan}
}

@article{Shourangiz-Haghighi2020-mo,
  title   = {State of the Art in the Optimisation of Wind Turbine Performance Using {CFD}},
  author  = {Shourangiz-Haghighi, Alireza and Haghnegahdar, Mohammad Amin and Wang, Lin and Mussetta, Marco and Kolios, Athanasios and Lander, Martin},
  journal = {Archives of Computational Methods in Engineering},
  volume  = 27,
  number  = 2,
  pages   = {413--431},
  month   = apr,
  year    = 2020
}

@article{doi:10.1126/science.1198769,
  author  = {Robert Bridson  and Christopher Batty },
  title   = {Computational Physics in Film},
  journal = {Science},
  volume  = {330},
  number  = {6012},
  pages   = {1756-1757},
  year    = {2010}
}

@article{Y.H.Qian_1993,
  year      = {1993},
  month     = {jan},
  publisher = {},
  volume    = {21},
  number    = {3},
  pages     = {255},
  author    = {Y. H. Qian and  S. A. Orszag},
  title     = {Lattice BGK Models for the Navier-Stokes Equation: Nonlinear Deviation in Compressible Regimes},
  journal   = {Europhysics Letters}
}

@article{doi:10.1098/rspa.1952.0060,
  author  = {Lighthill, Michael James},
  title   = {On sound generated aerodynamically I. General theory},
  journal = {Proceedings of the Royal Society A},
  volume  = {211},
  number  = {1107},
  pages   = {564-587},
  year    = {1952}
}

@article{doi:10.1080/10618560410001673498,
  author    = { C.   Bailly  and  C.   Bogey },
  title     = {Contributions of Computational Aeroacoustics to Jet Noise Research and Prediction},
  journal   = {International Journal of Computational Fluid Dynamics},
  volume    = {18},
  number    = {6},
  pages     = {481-491},
  year      = {2004},
  publisher = {Taylor & Francis}
}

@article{Bogey:2002:1610-1928:463,
  title         = {Three-dimensional non-reflective boundary conditions for acoustic simulations: far field formulation and validation test cases},
  journal       = {Acta Acustica united with Acustica},
  publishercode = {dav},
  year          = {2002},
  volume        = {88},
  number        = {4},
  pages         = {463-471},
  itemtype      = {ARTICLE},
  issn          = {1610-1928},
  author        = {Bogey, C. and Bailly, C.}
}

@article{doi:10.2514/1.18933,
  author  = {Li, X. M. and So, R. M. C. and Leung, R. C. K.},
  title   = {Propagation Speed, Internal Energy, and Direct Aeroacoustics Simulation Using Lattice Boltzmann Method},
  journal = {AIAA Journal},
  volume  = {44},
  number  = {12},
  pages   = {2896-2903},
  year    = {2006}
}

@article{takahashi-2020,
  title     = {Monolith: a monolithic pressure-viscosity-contact solver for strong two-way rigid-rigid rigid-fluid coupling},
  author    = {Takahashi, Tetsuya and Batty, Christopher},
  journal   = {ACM Transactions on Graphics},
  volume    = {39},
  number    = {6},
  pages     = {Article 182},
  year      = {2020},
  publisher = {ACM New York, NY, USA}
}

@inproceedings{Yngve:2000,
  author    = {Yngve, Gary D. and O'Brien, James F. and Hodgins, Jessica K.},
  title     = {Animating Explosions},
  year      = {2000},
  isbn      = {1581132085},
  booktitle = {Proceedings of the 27th Annual Conference on Computer Graphics and Interactive Techniques},
  pages     = {29-36},
  numpages  = {8},
  series    = {SIGGRAPH '00}
}

@inproceedings{Foster:2001,
  author    = {Foster, Nick and Fedkiw, Ronald},
  title     = {Practical Animation of Liquids},
  year      = {2001},
  isbn      = {158113374X},
  publisher = {Association for Computing Machinery},
  address   = {New York, NY, USA},
  booktitle = {Proceedings of the 28th Annual Conference on Computer Graphics and Interactive Techniques},
  pages     = {23-30},
  numpages  = {8},
  location  = {Los Angeles, California},
  series    = {SIGGRAPH '01}
}

@article{Carlson-2004,
  author     = {Carlson, Mark and Mucha, Peter J. and Turk, Greg},
  title      = {Rigid Fluid: Animating the Interplay between Rigid Bodies and Fluid},
  year       = {2004},
  issue_date = {August 2004},
  publisher  = {Association for Computing Machinery},
  address    = {New York, NY, USA},
  volume     = {23},
  number     = {3},
  issn       = {0730-0301},
  journal    = TOG,
  month      = {aug},
  pages      = {377-384},
  numpages   = {8}
}

@inproceedings{Takahashi-2002,
  author    = {Takahashi, Tsunemi and Ueki, Heihachi and Kunimatsu, Atsushi and Fujii, Hiroko},
  title     = {The Simulation of Fluid-Rigid Body Interaction},
  year      = {2002},
  isbn      = {1581135254},
  publisher = {Association for Computing Machinery},
  address   = {New York, NY, USA},
  booktitle = {ACM SIGGRAPH 2002 Conference Abstracts and Applications},
  pages     = {266},
  numpages  = {1},
  location  = {San Antonio, Texas},
  series    = {SIGGRAPH '02}
}

@inproceedings{Genevaux-2003,
  title        = {Simulating Fluid-Solid Interaction},
  author       = {Olivier G{'{e}}nevaux and Arash Habibi and Jean-Michel Dischler},
  booktitle    = {Proceedings of the Graphics Interface 2003 Conference},
  organization = {CIPS, Canadian Human-Computer Communication Society},
  publisher    = {Canadian Human-Computer Communications Society and A K Peters Ltd.},
  issn         = {0713-5424},
  isbn         = {1-56881-207-8},
  location     = {Halifax, Nova Scotia},
  year         = {2003},
  month        = {June},
  pages        = {31--38}
}

@article{Klingner-2006,
  title   = {Fluid animation with dynamic meshes},
  author  = {Klingner, Bryan M and Feldman, Bryan E and Chentanez, Nuttapong and O'Brien, James F},
  journal = {ACM Transactions on Graphics},
  volume  = {25},
  number  = {3},
  pages   = {820--825},
  year    = {2006}
}

@inproceedings{Chentanez:2006:SCP,
  author    = {Chentanez, Nuttapong and Goktekin, Tolga G. and Feldman, Bryan E. and O'Brien, James F.},
  title     = {Simultaneous Coupling of Fluids and Deformable Bodies},
  year      = {2006},
  isbn      = {3905673347},
  publisher = {Eurographics Association},
  address   = {Goslar, DEU},
  booktitle = {Proceedings of the 2006 ACM SIGGRAPH/Eurographics Symposium on Computer Animation},
  pages     = {83-89},
  numpages  = {7},
  location  = {Vienna, Austria},
  series    = {SCA '06}
}

@article{Batty-2007,
  author     = {Batty, Christopher and Bertails, Florence and Bridson, Robert},
  title      = {A Fast Variational Framework for Accurate Solid-Fluid Coupling},
  year       = {2007},
  issue_date = {July 2007},
  publisher  = {Association for Computing Machinery},
  address    = {New York, NY, USA},
  volume     = {26},
  number     = {3},
  issn       = {0730-0301},
  journal    = {ACM Transactions on Graphics},
  month      = {jul},
  pages      = {100-es},
  numpages   = {8}
}

@article{fang-2020,
  title     = {IQ-MPM: an interface quadrature material point method for non-sticky strongly two-way coupled nonlinear solids and fluids},
  author    = {Fang, Yu and Qu, Ziyin and Li, Minchen and Zhang, Xinxin and Zhu, Yixin and Aanjaneya, Mridul and Jiang, Chenfanfu},
  journal   = {ACM Transactions on Graphics},
  volume    = {39},
  number    = {4},
  pages     = {Article 51},
  year      = {2020},
  publisher = {ACM New York, NY, USA}
}

@article{Guendelman-2005,
  title   = {Coupling water and smoke to thin deformable and rigid shells},
  author  = {Guendelman, Eran and Selle, Andrew and Losasso, Frank and Fedkiw, Ronald},
  journal = {ACM Transactions on Graphics},
  volume  = {24},
  number  = {3},
  pages   = {973--981},
  year    = {2005}
}

@article{Teng-2016,
  author  = {Teng, Yun and Levin, David I. W. and Kim, Theodore},
  title   = {Eulerian Solid-fluid Coupling},
  journal = {ACM Transactions on Graphics},
  volume  = {35},
  number  = {6},
  year    = {2016},
  pages   = {Article 200}
}

@inproceedings{Robinson-2008,
  title     = {Two-way coupling of fluids to rigid and deformable solids and shells},
  author    = {Robinson-Mosher, Avi and Shinar, Tamar and Gretarsson, Jon and Su, Jonathan and Fedkiw, Ronald},
  booktitle = {ACM Transactions on Graphics},
  volume    = {27},
  number    = {3},
  pages     = {46},
  year      = {2008}
}

@inproceedings{Robinson:2009,
  author    = {Robinson-Mosher, Avi and English, R. Elliot and Fedkiw, Ronald},
  title     = {Accurate tangential velocities for solid fluid coupling},
  year      = {2009},
  booktitle = {Symposium on Computer Animation},
  pages     = {227--236}
}

@inproceedings{Feldman:DF:2005,
  author    = {Feldman, Bryan E. and O'Brien, James F. and Klingner, Bryan M. and Goktekin, Tolga G.},
  title     = {Fluids in deforming meshes},
  year      = {2005},
  booktitle = {Symposium on Computer Animation},
  pages     = {255--259}
}

@article{Feldman-2005,
  author     = {Feldman, Bryan E. and O'Brien, James F. and Klingner, Bryan M.},
  title      = {Animating Gases with Hybrid Meshes},
  year       = {2005},
  issue_date = {July 2005},
  publisher  = {Association for Computing Machinery},
  address    = {New York, NY, USA},
  volume     = {24},
  number     = {3},
  issn       = {0730-0301},
  journal    = {ACM Transactions on Graphics},
  month      = {jul},
  pages      = {904-909},
  numpages   = {6}
}

@article{dai-2005,
  title   = {Adaptive tetrahedral meshing in free-surface flow},
  author  = {Dai, Meizhong and Schmidt, David P},
  journal = JCP,
  volume  = {208},
  number  = {1},
  pages   = {228--252},
  year    = {2005}
}

@article{Klingner-2006,
  title   = {Fluid animation with dynamic meshes},
  author  = {Klingner, Bryan M and Feldman, Bryan E and Chentanez, Nuttapong and O'Brien, James F},
  journal = {ACM Transactions on Graphics},
  volume  = {25},
  number  = {3},
  pages   = {820--825},
  year    = {2006}
}

@article{Elcott-2007,
  title   = {Stable, Circulation-Preserving, Simplicial Fluids},
  author  = {Elcott, Sharif and Tong, Yiying and Kanso, Eva and Schr{\"o}der, Peter and Desbrun, Mathieu},
  journal = {ACM Transactions on Graphics},
  volume  = {26},
  number  = {1},
  pages   = {4-es},
  year    = {2007}
}

@inproceedings{Misztal:2010,
  booktitle = {Workshop in Virtual Reality Interactions and Physical Simulation "VRIPHYS" (2010)},
  title     = {{Optimization-based Fluid Simulation on Unstructured Meshes}},
  author    = {Misztal, Marek Krzysztof and Bridson, Robert and Erleben, Kenny and Bærentzen, Jakob Andreas and Anton, François},
  year      = {2010},
  publisher = {The Eurographics Association},
  isbn      = {978-3-905673-78-4}
}

@article{Clausen-2013,
  title   = {Simulating Liquids and Solid-Liquid Interactions with Lagrangian Meshes},
  author  = {Clausen, Pascal and Wicke, Martin and Shewchuk, Jonathan R and O'Brien, James F},
  journal = {ACM Transactions on Graphics},
  volume  = {32},
  number  = {2},
  pages   = {Article 17},
  year    = {2013}
}

@inproceedings{Roble-2005,
  author    = {Roble, Doug and Zafar, Nafees bin and Falt, Henrik},
  title     = {Cartesian Grid Fluid Simulation with Irregular Boundary Voxels},
  year      = {2005},
  isbn      = {9781450378277},
  publisher = {Association for Computing Machinery},
  address   = {New York, NY, USA},
  booktitle = {ACM SIGGRAPH 2005 Sketches},
  pages     = {138-es},
  location  = {Los Angeles, California},
  series    = {SIGGRAPH '05}
}

@article{Ng-2009,
  title   = {An efficient fluid-solid coupling algorithm for single-phase flows},
  author  = {Ng, Yen Ting and Min, Chohong and Gibou, Fr{\'e}d{\'e}ric},
  journal = JCP,
  volume  = {228},
  number  = {23},
  pages   = {8807--8829},
  year    = {2009}
}

@article{gibou-2012,
  title   = {Efficient symmetric positive definite second-order accurate monolithic solver for fluid/solid interactions},
  author  = {Gibou, Fr{\'e}d{\'e}ric and Min, Chohong},
  journal = JCP,
  volume  = {231},
  number  = {8},
  pages   = {3246--3263},
  year    = {2012}
}

@article{weber-2015,
  author  = {Weber, Daniel and Mueller-Roemer, Johannes and Stork, André and Fellner, Dieter},
  title   = {A Cut-Cell Geometric Multigrid Poisson Solver for Fluid Simulation},
  journal = {Computer Graphics Forum},
  volume  = {34},
  number  = {2},
  pages   = {481-491},
  year    = {2015}
}

@article{Edwards-2014,
  title   = {Detailed water with coarse grids: combining surface meshes and adaptive discontinuous Galerkin},
  author  = {Edwards, Essex and Bridson, Robert},
  journal = {ACM Transactions on Graphics},
  volume  = {33},
  number  = {4},
  pages   = {Article 136},
  year    = {2014}
}

@article{Liu:2015:MVF,
  author  = {Liu, Beibei and Mason, Gemma and Hodgson, Julian and Tong, Yiying and Desbrun, Mathieu},
  title   = {Model-reduced Variational Fluid Simulation},
  journal = {ACM Transactions on Graphics},
  volume  = {34},
  number  = {6},
  year    = {2015},
  pages   = {Article 244}
}

@article{Azevedo-2016,
  author     = {Azevedo, Vinicius C. and Batty, Christopher and Oliveira, Manuel M.},
  title      = {Preserving Geometry and Topology for Fluid Flows with Thin Obstacles and Narrow Gaps},
  year       = {2016},
  issue_date = {July 2016},
  publisher  = {Association for Computing Machinery},
  address    = {New York, NY, USA},
  volume     = {35},
  number     = {4},
  issn       = {0730-0301},
  journal    = {ACM Transactions on Graphics},
  month      = {jul},
  pages      = {Article 97}
}

@article{peer-2015,
  title     = {An implicit viscosity formulation for SPH fluids},
  author    = {Peer, Andreas and Ihmsen, Markus and Cornelis, Jens and Teschner, Matthias},
  journal   = {ACM Transactions on Graphics},
  volume    = {34},
  number    = {4},
  pages     = {Article 114},
  year      = {2015},
  publisher = {ACM New York, NY, USA}
}

@inproceedings{Gao:2017,
  author    = {Gao, Yang and Li, Shuai and Qin, Hong and Hao, Aimin},
  title     = {A Novel Fluid-Solid Coupling Framework Integrating FLIP and Shape Matching Methods},
  year      = {2017},
  isbn      = {9781450352284},
  publisher = {Association for Computing Machinery},
  address   = {New York, NY, USA},
  booktitle = {Proceedings of the Computer Graphics International Conference},
  articleno = {11},
  numpages  = {6},
  location  = {Yokohama, Japan},
  series    = {CGI '17}
}

@article{band-2018,
  title   = {Pressure boundaries for implicit incompressible SPH},
  author  = {Band, Stefan and Gissler, Christoph and Ihmsen, Markus and Cornelis, Jens and Peer, Andreas and Teschner, Matthias},
  journal = {ACM Transactions on Graphics},
  volume  = {37},
  number  = {2},
  pages   = {Article 14},
  year    = {2018}
}

@article{Zhang-2016,
  author  = {Zhang, Xinxin and Li, Minchen and Bridson, Robert},
  title   = {Resolving Fluid Boundary Layers with Particle Strength Exchange and Weak Adaptivity},
  journal = {ACM Transactions on Graphics},
  volume  = {35},
  number  = {4},
  month   = jul,
  year    = {2016},
  pages   = {Article 76},
  acmid   = {2925910}
}

@article{Fei-2018,
  author  = {Fei, Yun and Batty, Christopher and Grinspun, Eitan and Zheng, Changxi},
  title   = {A Multi-scale Model for Simulating Liquid-fabric Interactions},
  journal = {ACM Transactions on Graphics},
  volume  = {37},
  number  = {4},
  year    = {2018},
  pages   = {Article 51},
  acmid   = {3201392}
}

@article{hu-2018,
  title   = {A moving least squares material point method with displacement discontinuity and two-way rigid body coupling},
  author  = {Hu, Yuanming and Fang, Yu and Ge, Ziheng and Qu, Ziyin and Zhu, Yixin and Pradhana, Andre and Jiang, Chenfanfu},
  journal = {ACM Transactions on Graphics},
  volume  = {37},
  number  = {4},
  pages   = {Article 150},
  year    = {2018}
}

@article{Fei-2019,
  author  = {Fei, Yun and Batty, Christopher and Grinspun, Eitan and Zheng, Changxi},
  title   = {A Multi-Scale Model for Coupling Strands with Shear-Dependent Liquid},
  year    = {2019},
  volume  = {38},
  number  = {6},
  pages   = {Article 190},
  journal = {ACM Transactions on Graphics}
}

@inproceedings{Stam-1999,
  author    = {Stam, Jos},
  title     = {Stable Fluids},
  year      = {1999},
  booktitle = {Proceedings of the 26th Annual Conference on Computer Graphics and Interactive Techniques},
  pages     = {121-128},
  keywords  = {implicit elliptic PDE solvers, advected textures, animation of fluids, Navier-Stokes, interactive modeling, gaseous phenomena, stable solvers}
}

@inproceedings{Kim-2005,
  author    = {Kim, ByungMoon and Liu, Yingjie and Llamas, Ignacio and Rossignac, Jarek},
  title     = {FlowFixer: Using BFECC for Fluid Simulation},
  year      = {2005},
  isbn      = {3905673290},
  publisher = {Eurographics Association},
  address   = {Goslar, DEU},
  booktitle = {Proceedings of the First Eurographics Conference on Natural Phenomena},
  pages     = {51-56},
  numpages  = {6},
  location  = {Dublin, Ireland},
  series    = {NPH'05}
}

@article{Selle-2008,
  title     = {An unconditionally stable MacCormack method},
  author    = {Selle, Andrew and Fedkiw, Ronald and Kim, Byungmoon and Liu, Yingjie and Rossignac, Jarek},
  journal   = {Journal of Scientific Computing},
  volume    = {35},
  number    = {2},
  pages     = {350--371},
  year      = {2008},
  publisher = {Springer}
}

@article{Zehnder-2018,
  author    = {Zehnder, Jonas and Narain, Rahul and Thomaszewski, Bernhard},
  title     = {An Advection-Reflection Solver for Detail-Preserving Fluid Simulation},
  year      = {2018},
  publisher = {Association for Computing Machinery},
  address   = {New York, NY, USA},
  volume    = {37},
  number    = {4},
  issn      = {0730-0301},
  journal   = TOG,
  pages     = {Article 85},
  numpages  = {8}
}

@article{Qu-2019,
  author  = {Qu, Ziyin and Zhang, Xinxin and Gao, Ming and Jiang, Chenfanfu and Chen, Baoquan},
  title   = {Efficient and Conservative Fluids Using Bidirectional Mapping},
  year    = {2019},
  volume  = {38},
  number  = {4},
  journal = TOG,
  pages   = {Article 128}
}

@inproceedings{Park-2005,
  author    = {Park, Sang Il and Kim, Myoung Jun},
  title     = {Vortex Fluid for Gaseous Phenomena},
  year      = {2005},
  isbn      = {1595931988},
  publisher = {Association for Computing Machinery},
  address   = {New York, NY, USA},
  booktitle = {Proceedings of the 2005 ACM SIGGRAPH/Eurographics Symposium on Computer Animation},
  pages     = {261-270},
  numpages  = {10},
  location  = {Los Angeles, California},
  series    = {SCA '05}
}

@article{Selle-2005,
  author     = {Selle, Andrew and Rasmussen, Nick and Fedkiw, Ronald},
  title      = {A Vortex Particle Method for Smoke, Water and Explosions},
  year       = {2005},
  issue_date = {July 2005},
  publisher  = {Association for Computing Machinery},
  address    = {New York, NY, USA},
  volume     = {24},
  number     = {3},
  issn       = {0730-0301},
  journal    = TOG,
  month      = {jul},
  pages      = {910-914},
  numpages   = {5}
}

@inproceedings{Angelidis-2005,
  author    = {Angelidis, Alexis and Neyret, Fabrice},
  title     = {Simulation of Smoke Based on Vortex Filament Primitives},
  year      = {2005},
  isbn      = {1595931988},
  publisher = {Association for Computing Machinery},
  address   = {New York, NY, USA},
  booktitle = {Proceedings of the 2005 ACM SIGGRAPH/Eurographics Symposium on Computer Animation},
  pages     = {87-96},
  numpages  = {10},
  location  = {Los Angeles, California},
  series    = {SCA '05}
}

@article{Weissmann-2010,
  author     = {Wei\ss{}mann, Steffen and Pinkall, Ulrich},
  title      = {Filament-Based Smoke with Vortex Shedding and Variational Reconnection},
  year       = {2010},
  issue_date = {July 2010},
  publisher  = {Association for Computing Machinery},
  address    = {New York, NY, USA},
  volume     = {29},
  number     = {4},
  issn       = {0730-0301},
  journal    = TOG,
  month      = {jul},
  articleno  = {115},
  numpages   = {12}
}

@article{Pfaff-2012,
  author    = {Pfaff, Tobias and Thuerey, Nils and Gross, Markus},
  title     = {Lagrangian Vortex Sheets for Animating Fluids},
  year      = {2012},
  publisher = {Association for Computing Machinery},
  address   = {New York, NY, USA},
  volume    = {31},
  number    = {4},
  journal   = TOG,
  pages     = {Article 112},
  numpages  = {8}
}

@article{Zhang-2015,
  author  = {Zhang, Xinxin and Bridson, Robert and Greif, Chen},
  title   = {Restoring the Missing Vorticity in Advection-Projection Fluid Solvers},
  year    = {2015},
  volume  = {34},
  number  = {4},
  journal = TOG,
  pages   = {Article 52}
}

@article{Zhang-2014,
  author  = {Zhang, Xinxin and Bridson, Robert},
  title   = {A PPPM Fast Summation Method for Fluids and Beyond},
  year    = {2014},
  volume  = {33},
  number  = {6},
  journal = TOG,
  pages   = {Article 206}
}

@inproceedings{Desbrun-1996,
  author    = {Desbrun, Mathieu and Gascuel, Marie-Paule},
  title     = {Smoothed Particles: A new paradigm for animating highly deformable bodies},
  booktitle = {Computer Animation and Simulation '96},
  year      = {1996},
  publisher = {Springer Vienna},
  address   = {Vienna},
  pages     = {61--76},
  isbn      = {978-3-7091-7486-9}
}

@inproceedings{Muller-2003,
  author    = {M\"{u}ller, Matthias and Charypar, David and Gross, Markus},
  title     = {Particle-Based Fluid Simulation for Interactive Applications},
  year      = {2003},
  isbn      = {1581136595},
  publisher = {Eurographics Association},
  address   = {Goslar, DEU},
  booktitle = {Proceedings of the 2003 ACM SIGGRAPH/Eurographics Symposium on Computer Animation},
  pages     = {154-159},
  numpages  = {6},
  location  = {San Diego, California},
  series    = {SCA '03}
}

@inproceedings{Ihmsen-2014-1,
  booktitle = {Eurographics 2014 - State of the Art Reports},
  title     = {{SPH Fluids in Computer Graphics}},
  author    = {Ihmsen, Markus and Orthmann, Jens and Solenthaler, Barbara and Kolb, Andreas and Teschner, Matthias},
  year      = {2014},
  publisher = {The Eurographics Association},
  issn      = {1017-4656}
}

@article{Adams-2007,
  author     = {Adams, Bart and Pauly, Mark and Keiser, Richard and Guibas, Leonidas J.},
  title      = {Adaptively Sampled Particle Fluids},
  year       = {2007},
  issue_date = {July 2007},
  publisher  = {Association for Computing Machinery},
  address    = {New York, NY, USA},
  volume     = {26},
  number     = {3},
  issn       = {0730-0301},
  journal    = TOG,
  month      = {jul},
  pages      = {48-es},
  numpages   = {8}
}

@inproceedings{Becker-2007,
  author    = {Becker, Markus and Teschner, Matthias},
  title     = {Weakly Compressible SPH for Free Surface Flows},
  year      = {2007},
  isbn      = {9781595936240},
  publisher = {Eurographics Association},
  address   = {Goslar, DEU},
  booktitle = {Proceedings of the 2007 ACM SIGGRAPH/Eurographics Symposium on Computer Animation},
  pages     = {209-217},
  numpages  = {9},
  location  = {San Diego, California},
  series    = {SCA '07}
}

@article{Solenthaler-2009,
  author     = {Solenthaler, B. and Pajarola, R.},
  title      = {Predictive-Corrective Incompressible SPH},
  year       = {2009},
  issue_date = {August 2009},
  publisher  = {Association for Computing Machinery},
  address    = {New York, NY, USA},
  volume     = {28},
  number     = {3},
  issn       = {0730-0301},
  journal    = TOG,
  month      = {jul},
  pages      = {Article 40},
  numpages   = {6}
}
@inproceedings{Bender-2015,
  author    = {Bender, Jan and Koschier, Dan},
  title     = {Divergence-Free Smoothed Particle Hydrodynamics},
  year      = {2015},
  isbn      = {9781450334969},
  publisher = {Association for Computing Machinery},
  address   = {New York, NY, USA},
  booktitle = {Proceedings of the 14th ACM SIGGRAPH / Eurographics Symposium on Computer Animation},
  pages     = {147-155},
  numpages  = {9},
  location  = {Los Angeles, California},
  series    = {SCA '15}
}

@inproceedings{Bender-2015,
  author    = {Bender, Jan and Koschier, Dan},
  title     = {Divergence-Free Smoothed Particle Hydrodynamics},
  year      = {2015},
  booktitle = {Symposium on Computer Animation},
  pages     = {147-155}
}

@article{Ihmsen-2014-2,
  author  = {Ihmsen, Markus and Cornelis, Jens and Solenthaler, Barbara and Horvath, Christopher and Teschner, Matthias},
  journal = TVCG,
  title   = {Implicit Incompressible SPH},
  year    = {2014},
  volume  = {20},
  number  = {3},
  pages   = {426-435}
}

@article{Macklin-2013,
  author   = {Macklin, Miles and M\"{u}ller, Matthias},
  title    = {Position Based Fluids},
  year     = {2013},
  volume   = {32},
  number   = {4},
  issn     = {0730-0301},
  journal  = TOG,
  pages    = {Article 104},
  keywords = {SPH, constraint fluids, position based dynamics, PCISPH, fluid simulation}
}

@incollection{Desbrun-1996,
  title     = {Smoothed particles: A new paradigm for animating highly deformable bodies},
  author    = {Desbrun, Mathieu and Gascuel, Marie-Paule},
  booktitle = {Comp. Anim. \& Simul.},
  pages     = {61--76},
  year      = {1996}
}

@techreport{Harlow-1962,
  title       = {The particle-in-cell method for numerical solution of problems in fluid dynamics},
  author      = {Harlow, Francis H},
  year        = {1962},
  institution = {Los Alamos National Lab, USA}
}

@article{Foster-1996,
  title   = {Realistic Animation of Liquids},
  journal = {Graphical Models and Image Processing},
  volume  = {58},
  number  = {5},
  pages   = {471-483},
  year    = {1996},
  issn    = {1077-3169},
  author  = {Nick Foster and Dimitri Metaxas}
}

@article{Brackbill-1986,
  title   = {FLIP: A method for adaptively zoned, particle-in-cell calculations of fluid flows in two dimensions},
  journal = JCP,
  volume  = {65},
  number  = {2},
  pages   = {314-343},
  year    = {1986},
  issn    = {0021-9991},
  author  = {Jeremiah U. Brackbill and Hans M. Ruppel}
}

@article{Zhu-2005,
  author   = {Zhu, Yongning and Bridson, Robert},
  title    = {Animating Sand as a Fluid},
  year     = {2005},
  volume   = {24},
  number   = {3},
  journal  = TOG,
  pages    = {965-972},
  keywords = {physical simulation, sand, animation, water}
}

@article{Jiang-2015,
  author  = {Jiang, Chenfanfu and Schroeder, Craig and Selle, Andrew and Teran, Joseph and Stomakhin, Alexey},
  title   = {The Affine Particle-in-Cell Method},
  year    = {2015},
  volume  = {34},
  number  = {4},
  journal = TOG,
  pages   = {Article 51}
}

@article{Fu-2017,
  author  = {Fu, Chuyuan and Guo, Qi and Gast, Theodore and Jiang, Chenfanfu and Teran, Joseph},
  title   = {A Polynomial Particle-in-Cell Method},
  year    = {2017},
  volume  = {36},
  number  = {6},
  journal = TOG,
  pages   = {Article 222}
}

@article{Qu-2022,
  author    = {Qu, Ziyin and Li, Minchen and De Goes, Fernando and Jiang, Chenfanfu},
  title     = {The Power Particle-in-Cell Method},
  year      = {2022},
  publisher = {Association for Computing Machinery},
  address   = {New York, NY, USA},
  volume    = {41},
  number    = {4},
  issn      = {0730-0301},
  journal   = TOG,
  pages     = {Article 118},
  numpages  = {13}
}

@article{Fei-2021,
  author  = {Fei, Yun and Guo, Qi and Wu, Rundong and Huang, Li and Gao, Ming},
  title   = {Revisiting Integration in the Material Point Method: A Scheme for Easier Separation and Less Dissipation},
  year    = {2021},
  volume  = {40},
  number  = {4},
  journal = TOG,
  pages   = {Article 109}
}

@article{Bhatnagar-1954,
  title    = {A Model for Collision Processes in Gases. I. Small Amplitude Processes in Charged and Neutral One-Component Systems},
  author   = {Bhatnagar, P. L. and Gross, E. P. and Krook, M.},
  journal  = {Physical Review},
  volume   = {94},
  number   = {3},
  pages    = {511--525},
  numpages = {0},
  year     = {1954}
}

@article{Chen-1998,
  title   = {Lattice {Boltzmann} Method for Fluid Flows},
  author  = {Chen, Shiyi and Doolen, Gary D},
  journal = {Annual Review of Fluid Mechanics},
  volume  = {30},
  number  = {1},
  pages   = {329--364},
  year    = {1998}
}

@incollection{dHumieres-1992,
  author    = {D'Humi\`eres, Dominique},
  title     = {Generalized Lattice-Boltzmann Equations},
  year      = {1994},
  publisher = {{American Institute of Aeronautics and Astronautics}},
  booktitle = {Rarefied Gas Dynamics: Theory and Simulations},
  pages     = {450-458}
}

@article{Lallemand-2000,
  title     = {Theory of the Lattice Boltzmann Method: dispersion, dissipation, isotropy, Galilean invariance, and stability},
  author    = {Lallemand, Pierre and Luo, Li-Shi},
  journal   = PRE,
  volume    = {61},
  number    = {6},
  pages     = {6546--6562},
  numpages  = {0},
  year      = {2000},
  publisher = {American Physical Society}
}

@article{Coveney-2002,
  author  = {d'Humières, Dominique  and Ginzburg, Irina  and Krafczyk, Manfred  and Lallemand, Pierre  and Luo, Li-Shi},
  title   = {Multiple-relaxation-time lattice Boltzmann models in three dimensions},
  journal = {Philosophical Transactions of the Royal Society A},
  volume  = {360},
  number  = {1792},
  pages   = {437--451},
  year    = {2002}
}

@article{Geier-2006,
  title   = {Cascaded Digital Lattice Boltzmann Automata for High Reynolds Number Flow},
  author  = {Geier, Martin and Greiner, Andreas and Korvink, Jan G.},
  journal = PRE,
  volume  = {73},
  number  = {6},
  pages   = {066705},
  year    = {2006}
}

@article{Geier-2009,
  title   = {A Factorized Central Moment Lattice Boltzmann Method},
  author  = {Geier, Martin and Greiner, Andreas and Korvink, Jan G.},
  journal = {The European Physical Journal Special Topics},
  volume  = {171},
  number  = {1},
  pages   = {55--61},
  year    = {2009}
}

@article{Shan-2007,
  author  = {Shan, Xiaowen and Chen, Hudong},
  title   = {A General Multiple-relaxation-time Boltzmann Collision Model},
  journal = {International Journal of Modern Physics C},
  volume  = {18},
  number  = {4},
  pages   = {635--643},
  year    = {2007}
}

@article{Chen-2014,
  author  = {Chen, Hudong and Gopalakrishnan, Pradeep and Zhang, Raoyang},
  title   = {Recovery of Galilean Ivariance in Thermal Lattice Boltzmann Models for Arbitrary Prandtl Number},
  journal = {International Journal of Modern Physics C},
  volume  = {25},
  number  = {10},
  pages   = {1450046},
  year    = {2014}
}

@article{Geier-2017,
  title   = {Parametrization of the cumulant lattice Boltzmann method for fourth order accurate diffusion part I: Derivation and validation},
  journal = JCP,
  volume  = {348},
  pages   = {862-888},
  year    = {2017},
  author  = {Martin Geier and Andrea Pasquali and Martin Schönherr}
}

@article{Adhikari-2008,
  title     = {Duality in Matrix Lattice Boltzmann Models},
  author    = {Adhikari, Ronojoy and Succi, Sauro},
  journal   = PRE,
  volume    = {78},
  number    = {6},
  pages     = {066701},
  numpages  = {9},
  year      = {2008},
  publisher = {American Physical Society}
}

@article{Mattila-2017,
  author  = {Mattila, Keijo K. and Philippi, Paulo C. and Hegele, Luiz A.},
  title   = {High-order Regularization in Lattice-Boltzmann Equations},
  journal = {Physics of Fluids},
  volume  = {29},
  number  = {4},
  pages   = {046103},
  year    = {2017}
}

@article{Shan-2019,
  title   = {Central-moment-based Galilean-invariant multiple-relaxation-time collision model},
  author  = {Shan, Xiaowen},
  journal = PRE,
  volume  = {100},
  number  = {4},
  pages   = {043308},
  year    = {2019}
}

@article{Geier-2015,
  title   = {The Cumulant Lattice Boltzmann Equation in Three Dimensions: theory and validation},
  journal = {Computers \& Mathematics with Applications},
  volume  = {70},
  number  = {4},
  pages   = {507-547},
  year    = {2015},
  author  = {Martin Geier and Martin Schönherr and Andrea Pasquali and Manfred Krafczyk}
}

@article{Zhang-2006,
  title     = {Efficient Kinetic Method for Fluid Simulation beyond the Navier-Stokes Equation},
  author    = {Zhang, Raoyang and Shan, Xiaowen and Chen, Hudong},
  journal   = PRE,
  volume    = {74},
  number    = {4},
  pages     = {046703},
  numpages  = {7},
  year      = {2006},
  publisher = {American Physical Society}
}

@article{Latt-2006,
  title   = {Lattice Boltzmann Method with Regularized Pre-collision Distribution Functions},
  journal = {Mathematics and Computers in Simulation},
  volume  = {72},
  number  = {2},
  pages   = {165-168},
  year    = {2006},
  author  = {Jonas L\"{a}tt and Bastien Chopard}
}

@misc{Malaspinas-2015,
  title         = {Increasing stability and accuracy of the lattice Boltzmann scheme: recursivity and regularization},
  author        = {Orestis Malaspinas},
  year          = {2015},
  eprint        = {1505.06900},
  archiveprefix = {arXiv},
  url           = {https://arxiv.org/abs/1505.06900}
}

@article{Coreixas-2017,
  title   = {Recursive regularization step for high-order lattice Boltzmann methods},
  author  = {Coreixas, Christophe and Wissocq, Gauthier and Puigt, Guillaume and Boussuge, Jean-Fran\c{c}ois and Sagaut, Pierre},
  journal = PRE,
  volume  = {96},
  number  = {3},
  pages   = {033306},
  year    = {2017}
}

@article{Jacob-2018,
  author    = {J\'er\^ome Jacob and Orestis Malaspinas and Pierre Sagaut},
  title     = {A New Hybrid Recursive Regularised Bhatnagar-Gross-Krook Collision Model for Lattice Boltzmann Method-based Large Eddy Simulation},
  journal   = {Journal of Turbulence},
  volume    = {19},
  number    = {11-12},
  pages     = {1051-1076},
  year      = {2018},
  publisher = {Taylor & Francis}
}

@article{Karlin-2014,
  title     = {Gibbs' principle for the lattice-kinetic theory of fluid dynamics},
  author    = {Karlin, I. V. and B\"osch, F. and Chikatamarla, S. S.},
  journal   = PRE,
  volume    = {90},
  number    = {3},
  pages     = {031302},
  numpages  = {5},
  year      = {2014},
  publisher = {American Physical Society}
}

@article{Tang-2022,
  title     = {Asymptotic Method for Entropic Multiple Relaxation Time Model in Lattice Boltzmann Method},
  author    = {Tang, Xiangshuo and Yu, Yue and Oztekin, Alparslan},
  journal   = PRE,
  volume    = {106},
  number    = {1},
  pages     = {015303},
  numpages  = {20},
  year      = {2022},
  publisher = {American Physical Society}
}

@article{Eggels-1996,
  title   = {Direct and Large-eddy Simulation of Turbulent Fluid Flow using the Lattice-Boltzmann Scheme},
  journal = {International Journal of Heat and Fluid Flow},
  volume  = {17},
  number  = {3},
  pages   = {307-323},
  year    = {1996},
  author  = {Jack G.M. Eggels}
}

@article{Sagaut-2010,
  title   = {Toward Advanced Subgrid Models for Lattice-Boltzmann-based Large-eddy Smulation: theoretical formulations},
  journal = {Computers \& Mathematics with Applications},
  volume  = {59},
  number  = {7},
  pages   = {2194-2199},
  year    = {2010},
  author  = {Pierre Sagaut}
}

@article{Ansumali-2003,
  year      = {2003},
  month     = {sep},
  publisher = {},
  volume    = {63},
  number    = {6},
  pages     = {798},
  author    = {S. Ansumali and  I. V. Karlin and  H. C. {\"O}ttinger},
  title     = {Minimal entropic kinetic models for hydrodynamics},
  journal   = {Europhysics Letters}
}

@article{Karlin-1999,
  year      = 1999,
  publisher = {{IOP} Publishing},
  volume    = {47},
  number    = {2},
  pages     = {182--188},
  author    = {I. V. Karlin and A. Ferrante and H. C. Öttinger},
  title     = {Perfect Entropy Functions of the Lattice Boltzmann Method},
  journal   = {Europhysics Letters}
}

@misc{Hou-1994,
  author        = {{Hou}, S. and {Sterling}, J. and {Chen}, S. and {Doolen}, G.~D.},
  title         = {{A Lattice Boltzmann Subgrid Model for High Reynolds Number Flows}},
  year          = 1994,
  archiveprefix = {arXiv},
  eprint        = {comp-gas/9401004},
  url           = {https://arxiv.org/abs/comp-gas/9401004}
}

@article{Krafczyk-2003,
  author  = {Krafczyk, Manfred and T{\"o}lke, Jonas and Luo, Li-Shi},
  title   = {Large-eddy simulations with a multiple-relaxation-time LBE model},
  journal = {International Journal of Modern Physics B},
  volume  = {17},
  number  = {01-02},
  pages   = {33-39},
  year    = {2003}
}

@article{Premnath-2009,
  title   = {Dynamic subgrid scale modeling of turbulent flows using lattice-Boltzmann method},
  journal = {Physica A: Statistical Mechanics and its Applications},
  volume  = {388},
  number  = {13},
  pages   = {2640-2658},
  year    = {2009},
  author  = {Kannan N. Premnath and Martin J. Pattison and Sanjoy Banerjee}
}

@article{Malaspinas-2014,
  title   = {Wall model for large-eddy simulation based on the lattice Boltzmann method},
  journal = JCP,
  volume  = {275},
  pages   = {25-40},
  year    = {2014},
  author  = {O. Malaspinas and P. Sagaut}
}

@article{Weickert-2010,
  title   = {Investigation of the LES WALE turbulence model within the lattice Boltzmann framework},
  journal = {Computers \& Mathematics with Applications},
  volume  = {59},
  number  = {7},
  pages   = {2200-2214},
  year    = {2010},
  author  = {Mathias Weickert and Gerd Teike and Oliver Schmidt and Martin Sommerfeld}
}

@article{Leveque-2007,
  title     = {Shear-improved Smagorinsky model for large-eddy simulation of wall-bounded turbulent flows},
  volume    = {570},
  journal   = {Journal of Fluid Mechanics},
  publisher = {Cambridge University Press},
  author    = {Lévêque, E. and Toschi, F. and Shao, L. and Bertoglio, J.-P.},
  year      = {2007},
  pages     = {491-502}
}

@article{Malaspinas-2011,
  author  = {Malaspinas,Orestis and Sagaut,Pierre},
  title   = {Advanced large-eddy simulation for lattice Boltzmann methods: The approximate deconvolution model},
  journal = {Physics of Fluids},
  volume  = {23},
  number  = {10},
  pages   = {105103},
  year    = {2011}
}

@article{Nathen-2018,
  title   = {Adaptive filtering for the simulation of turbulent flows with lattice Boltzmann methods},
  journal = {Computers \& Fluids},
  volume  = {172},
  pages   = {510-523},
  year    = {2018},
  author  = {Patrick Nathen and Marc Haussmann and Mathias J. Krause and Nikolaus A. Adams}
}

@article{Kramer-2019,
  title     = {Pseudoentropic derivation of the regularized lattice Boltzmann method},
  author    = {Kr\"amer, Andreas and Wilde, Dominik and K\"ullmer, Knut and Reith, Dirk and Foysi, Holger},
  journal   = PRE,
  volume    = {100},
  number    = {2},
  pages     = {023302},
  numpages  = {16},
  year      = {2019},
  publisher = {American Physical Society}
}

@article{Li-2020,
  title   = {Fast and Scalable Turbulent Flow Simulation with Two-Way Coupling},
  author  = {Li, Wei and Yixin Chen and Mathieu Desbrun and Changxi Zheng and Liu, Xiaopei},
  journal = TOG,
  volume  = {39},
  number  = {4},
  year    = {2020},
  pages   = {Article 47}
}

@inproceedings{Bailey-2009,
  author    = {Bailey, Peter and Myre, Joe and Walsh, Stuart D.C. and Lilja, David J. and Saar, Martin O.},
  booktitle = {2009 International Conference on Parallel Processing},
  title     = {Accelerating Lattice Boltzmann Fluid Flow Simulations Using Graphics Processors},
  year      = {2009},
  volume    = {},
  number    = {},
  pages     = {550-557}
}

@article{Adrian-2023,
  author  = {Kummerländer, Adrian and Dorn, Márcio and Frank, Martin and Krause, Mathias J.},
  title   = {Implicit propagation of directly addressed grids in lattice Boltzmann methods},
  journal = {Concurrency and Computation: Practice and Experience},
  volume  = {35},
  number  = {8},
  pages   = {e7509},
  year    = {2023}
}

@article{Mohrhard-2019,
  title   = {Auto-vectorization friendly parallel lattice Boltzmann streaming scheme for direct addressing},
  journal = {Computers \& Fluids},
  volume  = {181},
  pages   = {1-7},
  year    = {2019},
  issn    = {0045-7930},
  author  = {Markus Mohrhard and Gudrun Thäter and Jakob Bludau and Bastian Horvat and Mathias J. Krause}
}

@article{Geier-2017-c,
  author  = {Geier, Martin and Schönherr, Martin},
  title   = {Esoteric Twist: An Efficient in-Place Streaming Algorithmus for the Lattice Boltzmann Method on Massively Parallel Hardware},
  journal = {Computation},
  volume  = {5},
  year    = {2017},
  number  = {2},
  pages   = {Article 19},
  issn    = {2079-3197}
}

@article{Moritz-2022,
  author  = {Lehmann, Moritz},
  title   = {Esoteric Pull and Esoteric Push: Two Simple In-Place Streaming Schemes for the Lattice Boltzmann Method on GPUs},
  journal = {Computation},
  volume  = {10},
  year    = {2022},
  number  = {6},
  pages   = {Article 92},
  issn    = {2079-3197}
}

@phdthesis{Marson-2022,
  author = {Marson, Francesco},
  year   = {2022},
  title  = {Directional Lattice Boltzmann Boundary Conditions},
  school = {University of Geneva}
}

@article{Marson-2021,
  title    = {Enhanced Single-node Lattice Boltzmann Boundary Condition for Fluid Flows},
  author   = {Marson, Francesco and Thorimbert, Yann and Chopard, Bastien and Ginzburg, Irina and L\"{a}tt, Jonas},
  journal  = PRE,
  volume   = {103},
  number   = {5},
  pages    = {053308},
  numpages = {26},
  year     = {2021}
}

@article{Zhao-2019,
  author  = {Zhao, Weifeng and Huang, Juntao and Yong, Wen-An},
  title   = {Boundary Conditions for Kinetic Theory Based Models I: lattice Boltzmann models},
  journal = {Multiscale Modeling \& Simulation},
  volume  = {17},
  number  = {2},
  pages   = {854--872},
  year    = {2019}
}

@article{Chen-2021-b,
  author  = {Chen,Yong and Wang,Xiangyang and Zhu,Hanhua},
  title   = {A General Single-node Second-order Boundary Condition for the Lattice Boltzmann Method},
  journal = {Physics of Fluids},
  volume  = {33},
  number  = {4},
  pages   = {043317},
  year    = {2021}
}

@article{Zhao-2017,
  title   = {Single-node Second-order Boundary Schemes for the Lattice Boltzmann Method},
  journal = JCP,
  volume  = {329},
  pages   = {1-15},
  year    = {2017},
  author  = {Weifeng Zhao and Wen-An Yong}
}

@article{Geier-2015,
  title   = {The cumulant lattice Boltzmann equation in three dimensions: Theory and validation},
  journal = {Computers \& Mathematics with Applications},
  volume  = {70},
  number  = {4},
  pages   = {507-547},
  year    = {2015},
  author  = {Martin Geier and Martin Schönherr and Andrea Pasquali and Manfred Krafczyk}
}

@article{Ginzburg-2003,
  title     = {Multireflection Boundary Conditions for Lattice Boltzmann Models},
  author    = {Ginzburg, Irina and D'Humi\`eres, Dominique},
  journal   = PRE,
  volume    = {68},
  number    = {6},
  pages     = {066614},
  numpages  = {30},
  year      = {2003},
  publisher = {American Physical Society}
}

@article{Ladd-1994,
  title   = {Numerical simulations of particulate suspensions via a discretized {B}oltzmann equation. Part 1. Theoretical foundation},
  volume  = {271},
  journal = {Journal of Fluid Mechanics},
  author  = {Ladd, Anthony J. C.},
  year    = {1994},
  pages   = {285--309}
}

@article{Bouzidi-2001,
  title     = {Momentum transfer of a Boltzmann-lattice fluid with boundaries},
  author    = {Bouzidi, M'hamed and Firdaouss, Mouaouia and Lallemand, Pierre},
  journal   = {Physics of Fluids},
  volume    = {13},
  number    = {11},
  pages     = {3452--3459},
  year      = {2001},
  publisher = {American Institute of Physics}
}

@article{Chun-2007,
  title   = {Interpolated Boundary Condition for Lattice Boltzmann Simulations of Flows in Narrow Gaps},
  author  = {Chun, Byoungjin and Ladd, Anthony J.C.},
  journal = {Physical Review E},
  volume  = {75},
  number  = {6},
  pages   = {066705},
  year    = {2007}
}

@article{Peskin-1972,
  title   = {Flow patterns around heart valves: a numerical method},
  author  = {Peskin, Charles S.},
  journal = JCP,
  volume  = {10},
  number  = {2},
  pages   = {252--271},
  year    = {1972}
}

@article{Seo-2011,
  title     = {A sharp-interface immersed boundary method with improved mass conservation and reduced spurious pressure oscillations},
  author    = {Seo, Jung Hee and Mittal, Rajat},
  journal   = JCP,
  volume    = {230},
  number    = {19},
  pages     = {7347--7363},
  year      = {2011},
  publisher = {Elsevier}
}

@article{Lu-2012,
  title   = {Immersed boundary lattice Boltzmann model based on multiple relaxation times},
  author  = {Lu, Jianhua and Han, Haifeng and Shi, Baochang and Guo, Zhaoli},
  journal = {Physical Review E},
  volume  = {85},
  number  = {1},
  pages   = {016711},
  year    = {2012}
}

@article{Kang-2011,
  title   = {A comparative study of direct-forcing immersed boundary-lattice {B}oltzmann methods for stationary complex boundaries},
  author  = {Kang, Shin K and Hassan, Yassin A},
  journal = {International Journal for Numerical Methods in Fluids},
  volume  = {66},
  number  = {9},
  pages   = {1132--1158},
  year    = {2011}
}

@article{Patel-2018,
  title     = {Diffuse interface immersed boundary method for multi-fluid flows with arbitrarily moving rigid bodies},
  author    = {Patel, Jitendra Kumar and Natarajan, Ganesh},
  journal   = JCP,
  volume    = {360},
  pages     = {202--228},
  year      = {2018},
  publisher = {Elsevier}
}

@article{Chen-2013,
  title     = {Sharp-interface immersed boundary lattice Boltzmann method with reduced spurious-pressure oscillations for moving boundaries},
  author    = {Chen, Li and Yu, Yang and Hou, Guoxiang},
  journal   = {Physical Review E},
  volume    = {87},
  number    = {5},
  pages     = {053306},
  year      = {2013},
  publisher = {APS}
}

@incollection{Yu-2003,
  author    = {Dazhi Yu and Renwei Mei and Wei Shyy},
  title     = {A Unified Boundary Treatment in Lattice Boltzmann Method},
  booktitle = {41st Aerospace Sciences Meeting and Exhibit},
  pages     = {953},
  year      = {2003}
}

@phdthesis{Sandoval-2012,
  author = {Lagrava, Daniel},
  year   = {2012},
  school = {University of Geneva},
  title  = {Revisiting grid refinement algorithms for the lattice Boltzmann method}
}

@article{Filippova-1998,
  title   = {Grid Refinement for Lattice-BGK Models},
  journal = JCP,
  volume  = {147},
  number  = {1},
  pages   = {219-228},
  year    = {1998},
  issn    = {0021-9991},
  author  = {Olga Filippova and Dieter Hänel}
}

@article{Dupuis-2003,
  title     = {Theory and Applications of an Alternative Lattice Boltzmann Grid Refinement Algorithm},
  author    = {Dupuis, Alexandre and Chopard, Bastien},
  journal   = PRE,
  volume    = {67},
  number    = {6},
  pages     = {066707},
  numpages  = {7},
  year      = {2003},
  publisher = {American Physical Society}
}

@article{Lagrava-2012,
  title   = {Advances in Multi-domain Lattice Boltzmann Grid Refinement},
  journal = JCP,
  volume  = {231},
  number  = {14},
  pages   = {4808--4822},
  year    = {2012},
  issn    = {0021-9991},
  author  = {Daniel Lagrava and Orestis Malaspinas and Jonas L\"{a}tt and Bastien Chopard}
}

@article{Rohde-2006,
  author  = {Rohde, Martin and Kandhai, Drona and Derksen, Jos J. and van den Akker, Harry E. A.},
  title   = {A Generic, Mass Conservative Local Grid Refinement Technique for Lattice-Boltzmann Schemes},
  journal = {International Journal for Numerical Methods in Fluids},
  volume  = {51},
  number  = {4},
  pages   = {439-468},
  year    = {2006}
}

@article{Chen-2006,
  title   = {Grid Refinement in Lattice Boltzmann Methods Based on Volumetric Formulation},
  journal = {Physica A: Statistical Mechanics and its Applications},
  volume  = {362},
  number  = {1},
  pages   = {158-167},
  year    = {2006},
  author  = {Hudong Chen and Olga Filippova and James Hoch and Kim Molvig and Richard Shock and Christopher Teixeira and Raoyang Zhang}
}

@article{Hasert-2014,
  title   = {Complex fluid simulations with the parallel tree-based Lattice Boltzmann solver Musubi},
  journal = {Journal of Computational Science},
  volume  = {5},
  number  = {5},
  pages   = {784-794},
  year    = {2014},
  issn    = {1877-7503},
  author  = {Manuel Hasert and Kannan Masilamani and Simon Zimny and Harald Klimach and Jiaxing Qi and J\"org Bernsdorf and Sabine Roller}
}

@article{Schornbaum-2016,
  author  = {Schornbaum, Florian and R\"{u}de, Ulrich},
  title   = {Massively Parallel Algorithms for the Lattice Boltzmann Method on NonUniform Grids},
  journal = {SIAM Journal on Scientific Computing},
  volume  = {38},
  number  = {2},
  pages   = {C96-C126},
  year    = {2016}
}

@article{Latt-2021,
  title     = {Palabos: Parallel Lattice Boltzmann Solver},
  author    = {Jonas L\"{a}tt and Orestis Malaspinas and Dimitrios Kontaxakis and Andrea Parmigiani and Daniel Lagrava and Federico Brogi and Mohamed Ben Belgacem and Yann Thorimbert and Sébastien Leclaire and Sha Li and Francesco Marson and Jonathan Lemus and Christos Kotsalos and Raphaël Conradin and Christophe Coreixas and Rémy Petkantchin and Franck Raynaud and Joël Beny and Bastien Chopard},
  journal   = {Computers \& Mathematics with Applications},
  volume    = {81},
  pages     = {334--350},
  year      = {2021},
  publisher = {Elsevier}
}

@phdthesis{Fard-2015,
  title  = {Cumulant LBM Approach for Large Eddy Simulation of Dispersion Microsystems},
  author = {Goraki Fard, Ehsan},
  year   = {2015},
  school = {Technical University of Braunschweig}
}

@article{Gendre-2017,
  title     = {Grid refinement for aeroacoustics in the lattice Boltzmann method: A directional splitting approach},
  author    = {Gendre, F\'elix and Ricot, Denis and Fritz, Guillaume and Sagaut, Pierre},
  journal   = PRE,
  volume    = {96},
  number    = {2},
  pages     = {023311},
  numpages  = {17},
  year      = {2017},
  publisher = {American Physical Society}
}

@article{Astoul-2021,
  title   = {Lattice Boltzmann method for computational aeroacoustics on non-uniform meshes: A direct grid coupling approach},
  journal = JCP,
  volume  = {447},
  pages   = {110667},
  year    = {2021},
  author  = {Thomas Astoul and Gauthier Wissocq and Jean-François Boussuge and Alois Sengissen and Pierre Sagaut}
}

@article{Li-2019,
  author  = {Li, Wei and Bai, Kai and Liu, Xiaopei},
  journal = TVCG,
  title   = {Continuous-Scale Kinetic Fluid Simulation},
  year    = {2019},
  volume  = {25},
  number  = {9},
  pages   = {2694-2709}
}

@article{vreman2014comparison,
  title     = {Comparison of direct numerical simulation databases of turbulent channel flow at $Re_\tau=180$},
  author    = {Vreman, AW and Kuerten, Johannes GM},
  journal   = {Physics of Fluids},
  volume    = {26},
  number    = {1},
  year      = {2014},
  pages     = {015102},
  publisher = {AIP Publishing}
}

@article{kooij2018comparison,
  title     = {Comparison of computational codes for direct numerical simulations of turbulent Rayleigh--B{\'e}nard convection},
  author    = {Kooij, Gijs L and Botchev, Mikhail A and Frederix, Edo MA and Geurts, Bernard J and Horn, Susanne and Lohse, Detlef and van der Poel, Erwin P and Shishkina, Olga and Stevens, Richard JAM and Verzicco, Roberto},
  journal   = {Computers \& Fluids},
  volume    = {166},
  pages     = {1--8},
  year      = {2018},
  publisher = {Elsevier}
}

@book{golub2013matrix,
  title     = {Matrix Computations},
  author    = {Golub, Gene H and Van Loan, Charles F},
  year      = {2013},
  publisher = {JHU Press},
  edition   = {4th ed}
}

@article{smolarkiewicz1992class,
  title   = {A class of semi-Lagrangian approximations for fluids},
  author  = {Smolarkiewicz, Piotr K and Pudykiewicz, Janusz A},
  journal = {Journal of Atmospheric Sciences},
  volume  = {49},
  number  = {22},
  pages   = {2082--2096},
  year    = {1992}
}

@article{JEONG201419,
  title   = {Comparison of effects on technical variances of computational fluid dynamics (CFD) software based on finite element and finite volume methods},
  journal = {International Journal of Mechanical Sciences},
  volume  = {78},
  pages   = {19-26},
  year    = {2014},
  issn    = {0020-7403},
  author  = {Woowon Jeong and Jaehoon Seong}
}

@techreport{pember1996higher,
  title       = {A higher-order projection method for the simulation of unsteady turbulent nonpremixed combustion in an industrial burner},
  author      = {Pember, R B and Almgren, A S and Bell, J B and Colella, P and Howell, L and Lai, M},
  institution = {Lawrence Livermore National Lab, USA},
  year        = {1994},
  month       = {12}
}

@article{https://doi.org/10.1002/fld.310,
  author  = {Bell, J. B. and Day, M. S. and Almgren, A. S. and Lijewski, M. J. and Rendleman, C. A.},
  title   = {A parallel adaptive projection method for low Mach number flows},
  journal = {International Journal for Numerical Methods in Fluids},
  volume  = {40},
  number  = {1-2},
  pages   = {209-216},
  year    = {2002}
}

@article{bermudez1998upwind,
  title     = {Upwind schemes for the two-dimensional shallow water equations with variable depth using unstructured meshes},
  author    = {Berm{\'u}dez, Alfredo and Dervieux, Alain and Desideri, Jean-Antoine and V{\'a}zquez, M Elena},
  journal   = {Computer Methods in Applied Mechanics and Engineering},
  volume    = {155},
  number    = {1-2},
  pages     = {49--72},
  year      = {1998},
  publisher = {Elsevier}
}

@inproceedings{herbin2012staggered,
  title        = {Staggered schemes for all speed flows},
  author       = {Herbin, Rapha{\`e}le and Kheriji, Walid and Latche, Jean-Claude},
  booktitle    = {ESAIM: Proceedings},
  volume       = {35},
  pages        = {122--150},
  year         = {2012},
  organization = {EDP Sciences}
}

@article{gao2012unstructured,
  title     = {An unstructured finite volume projection method for pulsatile flows through an asymmetric stenosis},
  author    = {Gao, Wei and Li, Hong and Liu, Ruxun},
  journal   = {Journal of Engineering Mathematics},
  volume    = {72},
  pages     = {125--140},
  year      = {2012},
  publisher = {Springer}
}
@article{HARTEN1983357,
  title   = {High resolution schemes for hyperbolic conservation laws},
  journal = JCP,
  volume  = {49},
  number  = {3},
  pages   = {357-393},
  year    = {1983},
  issn    = {0021-9991},
  author  = {Ami Harten}
}

@inproceedings{osher1986very,
  author    = {Osher, Stanley and Chakravarthy, Sukumar},
  title     = {Very High Order Accurate TVD Schemes},
  booktitle = {Oscillation Theory, Computation, and Methods of Compensated Compactness},
  year      = {1986},
  publisher = {Springer},
  pages     = {229--274},
  isbn      = {978-1-4613-8689-6}
}

@article{YEE1985327,
  title   = {Implicit total variation diminishing (TVD) schemes for steady-state calculations},
  journal = JCP,
  volume  = {57},
  number  = {3},
  pages   = {327-360},
  year    = {1985},
  issn    = {0021-9991},
  author  = {H.C Yee and R.F Warming and A Harten}
}

@article{HARTEN19973,
  title   = {Uniformly High Order Accurate Essentially Non-oscillatory Schemes, III},
  journal = JCP,
  volume  = {131},
  number  = {1},
  pages   = {3-47},
  year    = {1997},
  issn    = {0021-9991},
  author  = {Ami Harten and Bjorn Engquist and Stanley Osher and Sukumar R. Chakravarthy}
}

@article{SHU1988439,
  title   = {Efficient implementation of essentially non-oscillatory shock-capturing schemes},
  journal = JCP,
  volume  = {77},
  number  = {2},
  pages   = {439-471},
  year    = {1988},
  issn    = {0021-9991},
  author  = {Chi-Wang Shu and Stanley Osher}
}

@article{SHU198932,
  title   = {Efficient implementation of essentially non-oscillatory shock-capturing schemes, II},
  journal = JCP,
  volume  = {83},
  number  = {1},
  pages   = {32-78},
  year    = {1989},
  issn    = {0021-9991},
  author  = {Chi-Wang Shu and Stanley Osher}
}

@article{LIU1994200,
  title   = {Weighted Essentially Non-oscillatory Schemes},
  journal = JCP,
  volume  = {115},
  number  = {1},
  pages   = {200-212},
  year    = {1994},
  issn    = {0021-9991},
  author  = {Xu-Dong Liu and Stanley Osher and Tony Chan}
}

@inproceedings{barth1990higher,
  title     = {Higher order solution of the Euler equations on unstructured grids using quadratic reconstruction},
  author    = {Barth, Timothy and Frederickson, Paul},
  booktitle = {28th Aerospace Sciences Meeting},
  pages     = {Article 13},
  year      = {1990}
}

@article{HU199997,
  title   = {Weighted Essentially Non-oscillatory Schemes on Triangular Meshes},
  journal = JCP,
  volume  = {150},
  number  = {1},
  pages   = {97-127},
  year    = {1999},
  issn    = {0021-9991},
  author  = {Changqing Hu and Chi-Wang Shu}
}

@techreport{reed1973triangular,
  title       = {Triangular mesh methods for the neutron transport equation},
  author      = {Reed, William H and Hill, Thomas R},
  year        = {1973},
  institution = {Los Alamos Scientific Laboratory, USA}
}

@article{cockburn1989tvb2,
  title   = {TVB Runge-Kutta local projection discontinuous Galerkin finite element method for conservation laws. II. General framework},
  author  = {Cockburn, Bernardo and Shu, Chi-Wang},
  journal = {Mathematics of Computation},
  volume  = {52},
  number  = {186},
  pages   = {411--435},
  year    = {1989}
}

@article{cockburn1989tvb3,
  title     = {TVB Runge-Kutta local projection discontinuous Galerkin finite element method for conservation laws III: one-dimensional systems},
  author    = {Cockburn, Bernardo and Lin, San-Yih and Shu, Chi-Wang},
  journal   = JCP,
  volume    = {84},
  number    = {1},
  pages     = {90--113},
  year      = {1989},
  publisher = {Elsevier}
}

@article{cockburn1990runge,
  title   = {The Runge-Kutta local projection discontinuous Galerkin finite element method for conservation laws. IV. The multidimensional case},
  author  = {Cockburn, Bernardo and Hou, Suchung and Shu, Chi-Wang},
  journal = {Mathematics of Computation},
  volume  = {54},
  number  = {190},
  pages   = {545--581},
  year    = {1990}
}

@article{cockburn2001runge,
  title     = {Runge--Kutta discontinuous Galerkin methods for convection-dominated problems},
  author    = {Cockburn, Bernardo and Shu, Chi-Wang},
  journal   = {Journal of Scientific Computing},
  volume    = {16},
  pages     = {173--261},
  year      = {2001},
  publisher = {Springer}
}

@book{Zienkiewicz-2013,
  title     = {The Finite Element Method: Its Basis and Fundamentals},
  author    = {Olgierd C. Zienkiewicz and Robert L. Taylor and J.Z. Zhu},
  year      = {2013},
  edition   = {7th ed},
  publisher = {Butterworth-Heinemann}
}

@article{bassi1997high,
  title     = {A high-order accurate discontinuous finite element method for the numerical solution of the compressible Navier--Stokes equations},
  author    = {Bassi, Francesco and Rebay, Stefano},
  journal   = JCP,
  volume    = {131},
  number    = {2},
  pages     = {267--279},
  year      = {1997},
  publisher = {Elsevier}
}

@article{lomtev1999discontinuous,
  title     = {A discontinuous Galerkin method for the Navier--Stokes equations},
  author    = {Lomtev, Igor and Karniadakis, George Em},
  journal   = {International journal for numerical methods in fluids},
  volume    = {29},
  number    = {5},
  pages     = {587--603},
  year      = {1999},
  publisher = {Wiley Online Library}
}

@article{atkins1998quadrature,
  title   = {Quadrature-free implementation of discontinuous Galerkin method for hyperbolic equations},
  author  = {Atkins, Harold L and Shu, Chi-Wang},
  journal = {AIAA Journal},
  volume  = {36},
  number  = {5},
  pages   = {775--782},
  year    = {1998}
}

@book{hesthaven2007nodal,
  title     = {Nodal Discontinuous Galerkin Methods: Algorithms, Analysis, and Applications},
  author    = {Hesthaven, Jan S and Warburton, Tim},
  year      = {2007},
  publisher = {Springer}
}

@article{frisch1986lattice,
  title     = {Lattice-gas automata for the Navier-Stokes equation},
  author    = {Frisch, Uriel and Hasslacher, Brosl and Pomeau, Yves},
  journal   = {Physical Review Letters},
  volume    = {56},
  number    = {14},
  pages     = {1505-1508},
  year      = {1986},
  publisher = {APS}
}

@book{wolf2004lattice,
  title     = {Lattice-Gas Cellular Automata and Lattice Boltzmann Models: An Introduction},
  author    = {Wolf-Gladrow, Dieter A},
  year      = {2000},
  publisher = {Springer}
}

@article{higuera1989boltzmann,
  title     = {Boltzmann approach to lattice gas simulations},
  author    = {Higuera, F J and Jim{\'e}nez, Javier},
  journal   = {Europhysics Letters},
  volume    = {9},
  number    = {7},
  pages     = {663},
  year      = {1989},
  publisher = {IOP Publishing}
}

@article{higuera1989lattice,
  title     = {Lattice gas dynamics with enhanced collisions},
  author    = {Higuera, F J and Succi, S and Benzi, R},
  journal   = {Europhysics Letters},
  volume    = {9},
  number    = {4},
  pages     = {345},
  year      = {1989},
  publisher = {IOP Publishing}
}

@article{qian1992lattice,
  title     = {Lattice BGK models for Navier-Stokes equation},
  author    = {Qian, Yue-Hong and d'Humi{\`e}res, Dominique and Lallemand, Pierre},
  journal   = {Europhysics letters},
  volume    = {17},
  number    = {6},
  pages     = {479},
  year      = {1992},
  publisher = {IOP Publishing}
}

@book{kundu2015fluid,
  title     = {Fluid Mechanics},
  author    = {Kundu, Pijush K and Cohen, Ira M and Dowling, David R},
  year      = {2015},
  publisher = {Academic Press},
  edition   = {6th ed}
}

@article{shan2006kinetic,
  title     = {Kinetic theory representation of hydrodynamics: a way beyond the Navier--Stokes equation},
  author    = {Shan, Xiaowen and Yuan, Xue-Feng and Chen, Hudong},
  journal   = {Journal of Fluid Mechanics},
  volume    = {550},
  pages     = {413--441},
  year      = {2006},
  publisher = {Cambridge University Press}
}

@article{malaspinas2010lattice,
  title     = {Lattice Boltzmann method for the simulation of viscoelastic fluid flows},
  author    = {Malaspinas, Orestis and Fi{\'e}tier, N and Deville, M},
  journal   = {Journal of Non-Newtonian Fluid Mechanics},
  volume    = {165},
  number    = {23-24},
  pages     = {1637--1653},
  year      = {2010},
  publisher = {Elsevier}
}

@book{huang2008statistical,
  title     = {Statistical Mechanics},
  author    = {Huang, Kerson},
  year      = {1987},
  publisher = {John Wiley \& Sons},
  edition   = {2nd ed}
}

@inproceedings{DiscreteShells,
  author    = {Grinspun, Eitan and Hirani, Anil N. and Desbrun, Mathieu and Schr\"{o}der, Peter},
  title     = {Discrete Shells},
  year      = {2003},
  isbn      = {1581136595},
  publisher = {Eurographics Association},
  address   = {Goslar, DEU},
  booktitle = {Proceedings of the 2003 ACM SIGGRAPH/Eurographics Symposium on Computer Animation},
  pages     = {62-67},
  numpages  = {6},
  location  = {San Diego, California},
  series    = {SCA '03}
}

@inproceedings{Bridson:2003,
  author    = {Bridson, R. and Marino, S. and Fedkiw, R.},
  title     = {Simulation of Clothing with Folds and Wrinkles},
  year      = {2003},
  isbn      = {1581136595},
  publisher = {Eurographics Association},
  address   = {Goslar, DEU},
  booktitle = {Proceedings of the 2003 ACM SIGGRAPH/Eurographics Symposium on Computer Animation},
  pages     = {28-36},
  numpages  = {9},
  location  = {San Diego, California},
  series    = {SCA '03}
}

@article{DiscreteRods,
  author     = {Bergou, Mikl\'{o}s and Wardetzky, Max and Robinson, Stephen and Audoly, Basile and Grinspun, Eitan},
  title      = {Discrete Elastic Rods},
  year       = {2008},
  issue_date = {August 2008},
  publisher  = {Association for Computing Machinery},
  address    = {New York, NY, USA},
  volume     = {27},
  number     = {3},
  issn       = {0730-0301},
  journal    = TOG,
  month      = {aug},
  pages      = {1-12},
  numpages   = {12},
  keywords   = {rods, discrete differential geometry, strands, discrete holonomy}
}

@article{Takahashi:2019,
  author  = {Takahashi, Tetsuya and Lin, Ming C.},
  title   = {A Geometrically Consistent Viscous Fluid Solver with Two-Way Fluid-Solid Coupling},
  journal = {Computer Graphics Forum},
  volume  = {38},
  number  = {2},
  pages   = {49--58},
  year    = {2019}
}

@article{Chen-2021,
  author  = {Chen, Yixin and Li, Wei and Fan, Rui and Liu, Xiaopei},
  journal = {IEEE Transactions on Visualization and Computer Graphics},
  title   = {GPU Optimization for High-Quality Kinetic Fluid Simulation},
  year    = {2022},
  volume  = {28},
  number  = {9},
  pages   = {3235-3251}
}

@article{mittal-2008,
  title     = {A versatile sharp interface immersed boundary method for incompressible flows with complex boundaries},
  author    = {Mittal, Rajat and Dong, Haibo and Bozkurttas, Meliha and Najjar, FM and Vargas, Abel and Von Loebbecke, Alfred},
  journal   = JCP,
  volume    = {227},
  number    = {10},
  pages     = {4825--4852},
  year      = {2008},
  publisher = {Elsevier}
}

@article{dunbar2006spatial,
  title     = {A Spatial Data Structure for Fast Poisson-Disk Sample Generation},
  author    = {Dunbar, Daniel and Humphreys, Greg},
  journal   = {ACM Transactions on Graphics},
  volume    = {25},
  number    = {3},
  pages     = {503--508},
  year      = {2006},
  publisher = {ACM New York, NY, USA}
}

@article{wang-2012,
  title     = {Computational algorithms for tracking dynamic fluid--structure interfaces in embedded boundary methods},
  author    = {Wang, Kevin and Gr{\'e}tarsson, J and Main, A and Farhat, C},
  journal   = {International Journal for Numerical Methods in Fluids},
  volume    = {70},
  number    = {4},
  pages     = {515--535},
  year      = {2012},
  publisher = {Wiley Online Library}
}

@misc{youtube_2014,
  url    = {https://www.youtube.com/watch?v=quDLzxmJl5I},
  title  = {Automotive Aerodynamics Episode 1: Flow Visualizations of MR2, RX7, Supra, FRS},
  year   = {2014},
  month  = {Sep},
  author = {Feltham, Grahaml}
}

@article{Delery:2001,
  author  = {Délery, Jean M},
  title   = {Robert Legendre and Henri Werlé: Toward the Elucidation of Three-Dimensional Separation},
  journal = {Annual Review of Fluid Mechanics},
  volume  = {33},
  number  = {1},
  pages   = {129-154},
  year    = {2001}
}

@article{fei2018three,
  title     = {Three-dimensional cascaded lattice Boltzmann method: Improved implementation and consistent forcing scheme},
  author    = {Fei, Linlin and Luo, Kai H and Li, Qing},
  journal   = {Physical Review E},
  volume    = {97},
  number    = {5},
  pages     = {053309},
  year      = {2018},
  publisher = {APS}
}

@patent{lin2020screw,
  title     = {Screw, power component and aircraft},
  author    = {Lin, Jiajing and Chen, Peng and Liang, Kuo},
  year      = {2020},
  month     = mar # {~20},
  publisher = {Google Patents},
  note      = {CN Patent 110,896,626}
}

@book{leishman_2016,
  place     = {Cambridge, United Kingdom},
  title     = {Principles of helicopter aerodynamics},
  publisher = {Cambridge University Press},
  author    = {Leishman, J Gordon},
  year      = {2016}
} 

@book{anderson2010aircraft,
  title     = {Aircraft Performance \& Design},
  author    = {Anderson, John D},
  isbn      = {9780070702455},
  year      = {1998},
  publisher = {McGraw-Hill Education}
}

@article{Lallemand:2021,
  title   = {The lattice Boltzmann method for nearly incompressible flows},
  journal = JCP,
  volume  = {431},
  pages   = {109713},
  year    = {2021},
  issn    = {0021-9991},
  author  = {Pierre Lallemand and Li-Shi Luo and Manfred Krafczyk and Wen-An Yong}
}

@book{windScience,
  title     = {Wind Science and Engineering: Origins, Developments, Fundamentals and Advancements},
  author    = {Giovanni Solari},
  publisher = {Springer},
  year      = {2019}
}

@book{HighriseBuildings,
  title     = {Wind Tunnel Testing of High-Rise Buildings},
  author    = {Peter Irwin and Roy Denoon and David Scott},
  publisher = {Routledge},
  year      = {2013}
}

@software{Siemens,
  title        = {Simcenter {STAR-CCM+}},
  author       = {{Siemens PLM Software}},
  year         = {2023},
  organization = {Siemens},
  url          = {https://plm.sw.siemens.com/en-US/simcenter/fluids-thermal-simulation/star-ccm/}
}

@software{Simulia,
  title        = {{3DEXPERIENCE} {SIMULIA}},
  author       = {{Simulia Corp.}, Dassault Syst\`emes},
  year         = {2023},
  organization = {Dassault Syst\`emes},
  url          = {https://www.3ds.com/products-services/simulia/}
}

@article{Lyu:2021,
  author  = {Lyu, Chaoyang and Li, Wei and Desbrun, Mathieu and Liu, Xiaopei},
  title   = {Fast and Versatile Fluid-Solid Coupling for Turbulent Flow Simulation},
  year    = {2021},
  volume  = {40},
  number  = {6},
  journal = TOG,
  pages   = {Article 201}
}

@article{Tao-2018-b,
  title   = {One-point Second-order Curved Boundary Condition for Lattice Boltzmann Simulation of Suspended Particles},
  journal = {Computers \& Mathematics with Applications},
  volume  = {76},
  number  = {7},
  pages   = {1593-1607},
  year    = {2018},
  author  = {Shi Tao and Qing He and Baiman Chen and Xiaoping Yang and Simin Huang}
}

@article{Tao-2016,
  title   = {An investigation on momentum exchange methods and refilling algorithms for lattice Boltzmann simulation of particulate flows},
  journal = {Computers \& Fluids},
  volume  = {133},
  pages   = {1-14},
  year    = {2016},
  issn    = {0045-7930},
  author  = {Shi Tao and Junjie Hu and Zhaoli Guo}
}

@article{Li-2016,
  title   = {An Immersed Boundary-lattice Boltzmann Method for Single- and Multi-component Fluid Flows},
  author  = {Li, Zhe and Favier, Julien and D'Ortona, Umberto and Poncet, S{\'e}bastien},
  journal = JCP,
  volume  = {304},
  pages   = {424--440},
  year    = {2016}
}

@inproceedings{Karras-2012,
  author    = {Karras, Tero},
  title     = {Maximizing Parallelism in the Construction of BVHs, Octrees, and k-d Trees},
  year      = {2012},
  isbn      = {9783905674415},
  publisher = {Eurographics Association},
  address   = {Goslar, DEU},
  booktitle = {Proceedings of the Fourth ACM SIGGRAPH / Eurographics Conference on High-Performance Graphics},
  pages     = {33-37},
  numpages  = {5},
  location  = {Paris, France},
  series    = {EGGH-HPG'12}
}

@article{Mei-2002,
  title     = {Force evaluation in the lattice Boltzmann method involving curved geometry},
  author    = {Mei, Renwei and Yu, Dazhi and Shyy, Wei and Luo, Li-Shi},
  journal   = PRE,
  volume    = {65},
  number    = {4},
  pages     = {041203},
  numpages  = {14},
  year      = {2002},
  publisher = {American Physical Society}
}

@article{Aultman-2022,
  author  = {Aultman, Matthew and Auza-Gutierrez, Rodrigo and Disotell, Kevin and Duan, Lian},
  title   = {Effects of Wheel Rotation on Long-Period Wake Dynamics of the DrivAer Fastback Model},
  journal = {Fluids},
  volume  = {7},
  year    = {2022},
  number  = {1},
  pages   = {Article 19}
}

@article{Romani-2022,
  title   = {Performance and noise prediction of low-Reynolds number propellers using the Lattice-Boltzmann method},
  journal = {Aerospace Science and Technology},
  volume  = {125},
  pages   = {107086},
  year    = {2022},
  issn    = {1270-9638},
  author  = {Gianluca Romani and Edoardo Grande and Francesco Avallone and Daniele Ragni and Damiano Casalino}
}

@inproceedings{Hou-2019,
  title     = {Lattice-Boltzmann and Navier-Stokes simulations of the partially dressed, cavity-closed nose landing gear benchmark case},
  author    = {Hou, Yu and Angland, David and Sengissen, Alois and Scotto, Aline},
  booktitle = {25th AIAA/CEAS Aeroacoustics Conference},
  pages     = {2555},
  year      = {2019}
}

@article{EitelAmor-2013,
  title   = {A lattice-Boltzmann method with hierarchically refined meshes},
  journal = {Computers \& Fluids},
  volume  = {75},
  pages   = {127-139},
  year    = {2013},
  issn    = {0045-7930},
  author  = {Georg Eitel-Amor and Matthias Meinke and Wolfgang Schröder}
}

@article{Schornbaum-2018,
  author  = {Schornbaum, Florian and R\"{u}de, Ulrich},
  title   = {Extreme-Scale Block-Structured Adaptive Mesh Refinement},
  journal = {SIAM Journal on Scientific Computing},
  volume  = {40},
  number  = {3},
  pages   = {C358-C387},
  year    = {2018}
}

@book{Kruger-2016,
  title     = {The Lattice Boltzmann Method: Principles and Practice},
  author    = {Kr{\"u}ger, Timm and Kusumaatmaja, Halim and Kuzmin, Alexandr and Shardt, Orest and Silva, Goncalo and Viggen, Erlen M.},
  isbn      = {9783319446493},
  series    = {Graduate Texts in Physics},
  year      = {2016},
  publisher = {Springer}
}

@article{Aoki-2010,
  title   = {Aerodynamic characteristics and flow pattern of a golf ball with rotation},
  journal = {Procedia Engineering},
  volume  = {2},
  number  = {2},
  pages   = {2431-2436},
  year    = {2010},
  note    = {The Engineering of Sport 8 - Engineering Emotion},
  issn    = {1877-7058},
  author  = {Katsumi Aoki and Koji Muto and Hiroo Okanaga}
}

@article{Bearman-1976,
  title     = {Golf Ball Aerodynamics},
  volume    = {27},
  number    = {2},
  journal   = {Aeronautical Quarterly},
  publisher = {Cambridge University Press},
  author    = {Bearman, Peter W. and Harvey, John K.},
  year      = {1976},
  pages     = {112-122}
}

@book{Morrison-2013,
  title     = {An Introduction to Fluid Mechanics},
  author    = {Morrison, Faith A.},
  year      = {2013},
  publisher = {Cambridge University Press}
}

@article{Barati-2014,
  title   = {Development of empirical models with high accuracy for estimation of drag coefficient of flow around a smooth sphere: An evolutionary approach},
  journal = {Powder Technology},
  volume  = {257},
  pages   = {11-19},
  year    = {2014},
  issn    = {0032-5910},
  author  = {Reza Barati and Seyed Ali Akbar Salehi Neyshabouri and Goodarz Ahmadi}
}

@article{Lefebvre-2006,
  author    = {Lefebvre, Sylvain and Hoppe, Hugues},
  title     = {Perfect Spatial Hashing},
  year      = {2006},
  publisher = {Association for Computing Machinery},
  address   = {New York, NY, USA},
  volume    = {25},
  number    = {3},
  issn      = {0730-0301},
  journal   = TOG,
  pages     = {579-588},
  numpages  = {10}
}

@inproceedings{Greathouse-2014,
  author    = {Greathouse, Joseph L. and Daga, Mayank},
  booktitle = {SC '14: Proceedings of the International Conference for High Performance Computing, Networking, Storage and Analysis},
  title     = {Efficient Sparse Matrix-Vector Multiplication on GPUs Using the CSR Storage Format},
  year      = {2014},
  volume    = {},
  number    = {},
  pages     = {769-780}
}

@inproceedings{Imre-2017,
  title     = {Efficient GPU-accelerated computation of isosurface similarity maps},
  author    = {Imre, Martin and Jun Tao and Chaoli Wang},
  booktitle = {2017 IEEE Pacific Visualization Symposium (PacificVis)},
  pages     = {180-184},
  year      = {2017}
}

@software{redshift,
  title  = {{Redshift renderer}},
  author = {{Maxon}},
  year   = {2023},
  url    = {https://www.redshift3d.com/product}
}

@article{Tiwari-2020,
  title   = {Flow past a single stationary sphere, 2. Regime mapping and effect of external disturbances},
  journal = {Powder Technology},
  volume  = {365},
  pages   = {215-243},
  year    = {2020},
  issn    = {0032-5910},
  author  = {Shashank S. Tiwari and Eshita Pal and Shivkumar Bale and Nitin Minocha and Ashwin W. Patwardhan and Krishnaswamy Nandakumar and Jyeshtharaj B. Joshi}
}

@article{Geier-2017-b,
  title   = {Parametrization of the cumulant lattice Boltzmann method for fourth order accurate diffusion part II: Application to flow around a sphere at drag crisis},
  journal = JCP,
  volume  = {348},
  pages   = {889-898},
  year    = {2017},
  author  = {Martin Geier and Andrea Pasquali and Martin Schönherr}
}

@book{Van-1982,
  title     = {An Album of Fluid Motion},
  author    = {Van Dyke, Milton},
  year      = {1982},
  publisher = {The Parabolic Press}
}

@inproceedings{Heft-2011,
  author    = {Angelina Heft and Thomas Indinger and Nikolaus Adams},
  title     = {Investigation of Unsteady Flow Structures in the Wake of a Realistic Generic Car Model},
  booktitle = {29th AIAA Applied Aerodynamics Conference},
  chapter   = {},
  pages     = {},
  location  = {Honolulu, Hawaii},
  publisher = {{American Institute of Aeronautics and Astronautics}},
  year      = {2011}
}

@inproceedings{Heft-2012,
  author = {Heft, Angelina I. and Indinger, Thomas and Adams, Nikolaus A.},
  title  = {Experimental and Numerical Investigation of the DrivAer Model},
  volume = {1: Symposia, Parts A and B},
  series = {Fluids Engineering Division Summer Meeting},
  pages  = {41-51},
  year   = {2012},
  month  = {07}
}
    
@inproceedings{Heft-2012b,
  author    = {Heft, Angelina I. and Indinger, Thomas and Adams, Nikolaus A.},
  title     = {Introduction of a New Realistic Generic Car Model for Aerodynamic Investigations},
  booktitle = {SAE 2012 World Congress & Exhibition},
  publisher = {SAE International},
  month     = {apr},
  year      = {2012},
  issn      = {0148-7191}
}

@software{powerflow,
  title        = {{SIMULIA PowerFLOW}},
  author       = {{Exa/3DS}},
  year         = {2023},
  organization = {Dassault Syst\`emes},
  url          = {https://www.3ds.com/products-services/simulia/products/powerflow/}
}

@article{James-2018,
  author  = {James, Taryn and Krueger, Lothar and Lentzen, Manfred and Woodiga, Sudesh and Chalupa, Karel and Hupertz, Burkhard and Lewington, Neil},
  title   = {Development and Initial Testing of a Full-Scale DrivAer Generic Realistic Wind Tunnel Correlation and Calibration Model},
  journal = {SAE International Journal of Passenger Cars - Mechanical Systems},
  volume  = {11},
  number  = {5},
  pages   = {353--367},
  month   = {apr},
  year    = {2018},
  issn    = {1946-3995}
}

@article{Wei:2022,
  author   = {Li, Wei and Ma, Yihui and Liu, Xiaopei and Desbrun, Mathieu},
  title    = {Efficient Kinetic Simulation of Two-Phase Flows},
  year     = {2022},
  volume   = {41},
  number   = {4},
  journal  = TOG,
  pages    = {Article 114},
  numpages = {17}
}

@article{Wei:2023,
  author  = {Li, Wei and Desbrun, Mathieu},
  title   = {Fluid-Solid Coupling in Kinetic Two-Phase Flow Simulation},
  year    = {2023},
  volume  = {42},
  number  = {4},
  journal = TOG,
  pages   = {Article 123}
}

@article{xu2006immersed,
  title     = {An immersed interface method for simulating the interaction of a fluid with moving boundaries},
  author    = {Xu, Sheng and Wang, Z Jane},
  journal   = JCP,
  volume    = {216},
  number    = {2},
  pages     = {454--493},
  year      = {2006},
  publisher = {Elsevier}
}

@software{Ansys-2014,
  title  = {Ansys Fluent},
  author = {{Ansys Inc.}},
  url    = {www.ansys.com/products/fluids/ansys-fluent},
  year   = {2023}
}

@article{Menter-1994,
  title   = {Two-equation Eddy-viscosity Turbulence Models for Engineering Applications},
  author  = {Menter, Florian R.},
  journal = {AIAA Journal},
  volume  = {32},
  number  = {8},
  pages   = {1598--1605},
  year    = {1994}
}

@article{Deshpande-2017,
  title     = {Intermittency of laminar separation bubble on a sphere during drag crisis},
  volume    = {812},
  journal   = {Journal of Fluid Mechanics},
  publisher = {Cambridge University Press},
  author    = {Deshpande, Rahul and Kanti, Vivek and Desai, Aditya and Mittal, Sanjay},
  year      = {2017},
  pages     = {815-840}
}

@inproceedings{10.1145/2897826.2927375,
  author    = {James, Doug L.},
  title     = {Physically Based Sound for Computer Animation and Virtual Environments},
  year      = {2016},
  isbn      = {9781450342896},
  publisher = {Association for Computing Machinery},
  address   = {New York, NY, USA},
  booktitle = {ACM SIGGRAPH 2016 Courses},
  pages     = {Article 22},
  numpages  = {8},
  location  = {Anaheim, California},
  series    = {SIGGRAPH '16}
}
@article{PhysRevE.95.013310,
  title     = {Nonorthogonal central-moments-based lattice Boltzmann scheme in three dimensions},
  author    = {De Rosis, Alessandro},
  journal   = PRE,
  volume    = {95},
  number    = {1},
  pages     = {013310},
  numpages  = {16},
  year      = {2017},
  month     = {Jan},
  publisher = {American Physical Society}
}

@article{PhysRevE.96.013317,
  title     = {Lattice Boltzmann modeling and simulation of liquid jet breakup},
  author    = {Saito, Shimpei and Abe, Yutaka and Koyama, Kazuya},
  journal   = PRE,
  volume    = {96},
  number    = {1},
  pages     = {013317},
  numpages  = {18},
  year      = {2017},
  month     = {Jul},
  publisher = {American Physical Society}
}

@article{Museth-2013,
  author     = {Museth, Ken},
  title      = {VDB: High-Resolution Sparse Volumes with Dynamic Topology},
  year       = {2013},
  issue_date = {June 2013},
  publisher  = {Association for Computing Machinery},
  address    = {New York, NY, USA},
  volume     = {32},
  number     = {3},
  issn       = {0730-0301},
  journal    = TOG,
  month      = {jul},
  pages      = {Article 27},
  numpages   = {22}
}

@inproceedings{doi:10.2514/6.2008-2816,
  author    = {Eric Manoha and Jean Bulté and Bastien Caruelle},
  title     = {Lagoon : An Experimental Database for the Validation of CFD/CAA Methods for Landing Gear Noise Prediction},
  booktitle = {14th AIAA/CEAS Aeroacoustics Conference (29th AIAA Aeroacoustics Conference)},
  pages     = {2816},
  year      = {2008}
}

@inproceedings{doi:10.2514/6.2009-3277,
  author    = {Eric Manoha and Jean Bulte and Vlad Ciobaca and Bastien Caruelle},
  title     = {LAGOON: Further Analysis of Aerodynamic Experiments and Early Aeroacoustics Results},
  booktitle = {15th AIAA/CEAS Aeroacoustics Conference (30th AIAA Aeroacoustics Conference)},
  pages     = {3277},
  year      = {2009}
}

@inproceedings{deltransient,
  title     = {Transient Fluid Structure Simulation of Ground Vehicles},
  author    = {Del Pin, Facundo and {\c{C}}aldichoury, I{\~n}aki and Paz, Rodrigo R and Huang, Chien-Jung},
  booktitle = {16th International LS-DYNA Users Conference},
  year      = {2020}
}

@inproceedings{doi:10.2514/6.2022-2850,
  author    = {Man Long Wong and Gaetan K. Kenway and Aditya S. Ghate and Gerrit-Daniel Stich and Cetin C. Kiris},
  title     = {Predictions of LAGOON Nose Landing Gear Flow and Noise using Wall-Modeled Large Eddy Simulations},
  booktitle = {28th AIAA/CEAS Aeroacoustics 2022 Conference},
  pages     = {2850},
  year      = {2022}
}

@inproceedings{doi:10.2514/6.2015-2993,
  author    = {Alois Sengissen and Jean-Christophe Giret and Christophe Coreixas and Jean-Francois Boussuge},
  title     = {Simulations of LAGOON landing-gear noise using Lattice Boltzmann Solver},
  booktitle = {21st AIAA/CEAS Aeroacoustics Conference},
  pages     = {2993},
  year      = {2015}
}

@article{1161901,
  author  = {Welch, P.},
  journal = {IEEE Transactions on Audio and Electroacoustics},
  title   = {The use of fast Fourier transform for the estimation of power spectra: A method based on time averaging over short, modified periodograms},
  year    = {1967},
  volume  = {15},
  number  = {2},
  pages   = {70-73}
}

@article{https://doi.org/10.1002/we.458,
  author  = {Sanderse, B. and van der Pijl, S.P. and Koren, B.},
  title   = {Review of computational fluid dynamics for wind turbine wake aerodynamics},
  journal = {Wind Energy},
  volume  = {14},
  number  = {7},
  pages   = {799-819},
  year    = {2011}
}
@article{spalart_venkatakrishnan_2016,
  title     = {On the role and challenges of CFD in the aerospace industry},
  volume    = {120},
  number    = {1223},
  journal   = {The Aeronautical Journal},
  publisher = {Cambridge University Press},
  author    = {Spalart, P. R. and Venkatakrishnan, V.},
  year      = {2016},
  pages     = {209-232}
}

@techreport{slotnick2014cfd,
  title       = {CFD vision 2030 study: a path to revolutionary computational aerosciences},
  author      = {Slotnick, Jeffrey P and Khodadoust, Abdollah and Alonso, Juan and Darmofal, David and Gropp, William and Lurie, Elizabeth and Mavriplis, Dimitri J},
  institution = {NASA, USA},
  number      = {NASA/CR-2014-218178},
  year        = {2014}
}

@article{PhysRevLett.61.2332,
  title     = {Use of the Boltzmann Equation to Simulate Lattice-Gas Automata},
  author    = {McNamara, Guy R. and Zanetti, Gianluigi},
  journal   = {Physical Review Letters},
  volume    = {61},
  number    = {20},
  pages     = {2332--2335},
  numpages  = {0},
  year      = {1988},
  month     = {Nov},
  publisher = {American Physical Society}
}

@article{ARUMUGAPERUMAL2015955,
  title   = {A Review on the development of lattice Boltzmann computation of macro fluid flows and heat transfer},
  journal = {Alexandria Engineering Journal},
  volume  = {54},
  number  = {4},
  pages   = {955-971},
  year    = {2015},
  issn    = {1110-0168},
  author  = {D. {Arumuga Perumal} and Anoop K. Dass}
}

@article{doi:10.1098/rsta.1969.0031,
  author  = {Ffowcs Williams, J. E.  and Hawkings, D. L.  and Lighthill, Michael James },
  title   = {Sound generation by turbulence and surfaces in arbitrary motion},
  journal = {Philosophical Transactions of the Royal Society A},
  volume  = {264},
  number  = {1151},
  pages   = {321-342},
  year    = {1969}
}

@inproceedings{hardin1993computational,
  author    = {Lighthill, James},
  editor    = {Hardin, Jay C.
               and Hussaini, M. Y.},
  title     = {The Final Panel Discussion},
  booktitle = {Computational Aeroacoustics},
  year      = {1993},
  publisher = {Springer New York},
  address   = {New York, NY},
  pages     = {499--513},
  isbn      = {978-1-4613-8342-0}
}

@inproceedings{10.1145/3214745.3214778,
  author    = {Cioroba, Mihai and Hankins, Rick and Senent, Miguel Perez and Teh, Huai Yuan},
  title     = {Star Wars: The Last Jedi - Effects Simulation: Industrial Light and Magic},
  year      = {2018},
  isbn      = {9781450358200},
  publisher = {Association for Computing Machinery},
  address   = {New York, NY, USA},
  booktitle = {ACM SIGGRAPH 2018 Talks},
  pages     = {Article 76},
  numpages  = {2},
  location  = {Vancouver, British Columbia, Canada},
  series    = {SIGGRAPH '18}
}

@article{RN177,
  author  = {刘沛清 and 邢宇 and 李玲 and 郭昊},
  title   = {现代大型飞机起落架气动噪声研究进展},
  journal = {空气动力学学报},
  volume  = {35},
  number  = {06},
  pages   = {751-759},
  issn    = {0258-1825},
  year    = {2017},
  type    = {Journal Article}
}

@article{C1,
  author  = {柳有权 and 王章野 and 朱鉴 and 常元章 and 吴恩华},
  title   = {基于物理的流体动画加速技术的研究进展},
  journal = {计算机辅助设计与图形学学报},
  volume  = {25},
  number  = {03},
  pages   = {312-321},
  year    = {2013},
  issn    = {1003-9775}
}

@article{doi.org/10.1111/cgf.12825,
  author  = {Ferstl, Florian and Ando, Ryoichi and Wojtan, Chris and Westermann, Rüdiger and Thuerey, Nils},
  title   = {Narrow Band FLIP for Liquid Simulations},
  journal = {Computer Graphics Forum},
  volume  = {35},
  number  = {2},
  pages   = {225-232},
  year    = {2016}
}

@article{10.1145/1360612.1360649,
  author     = {Kim, Theodore and Th\"{u}rey, Nils and James, Doug and Gross, Markus},
  title      = {Wavelet Turbulence for Fluid Simulation},
  year       = {2008},
  issue_date = {August 2008},
  publisher  = {Association for Computing Machinery},
  address    = {New York, NY, USA},
  volume     = {27},
  number     = {3},
  issn       = {0730-0301},
  journal    = TOG,
  month      = {aug},
  pages      = {1-6},
  numpages   = {6}
}

@article{10.1145/1833349.1778785,
  author     = {Th\"{u}rey, Nils and Wojtan, Chris and Gross, Markus and Turk, Greg},
  title      = {A Multiscale Approach to Mesh-Based Surface Tension Flows},
  year       = {2010},
  issue_date = {July 2010},
  publisher  = {Association for Computing Machinery},
  address    = {New York, NY, USA},
  volume     = {29},
  number     = {4},
  issn       = {0730-0301},
  journal    = TOG,
  month      = {jul},
  pages      = {Article 48},
  numpages   = {10}
}

@article{10.1145/2816795.2818129,
  author     = {Ladick\'{y}, L'ubor and Jeong, SoHyeon and Solenthaler, Barbara and Pollefeys, Marc and Gross, Markus},
  title      = {Data-Driven Fluid Simulations Using Regression Forests},
  year       = {2015},
  issue_date = {November 2015},
  publisher  = {Association for Computing Machinery},
  address    = {New York, NY, USA},
  volume     = {34},
  number     = {6},
  issn       = {0730-0301},
  journal    = TOG,
  month      = {nov},
  pages      = {Article 199},
  numpages   = {9}
}

@article{10.1145/1073204.1073221,
  author     = {Chu, Nelson S.-H. and Tai, Chiew-Lan},
  title      = {MoXi: Real-Time Ink Dispersion in Absorbent Paper},
  year       = {2005},
  issue_date = {July 2005},
  publisher  = {Association for Computing Machinery},
  address    = {New York, NY, USA},
  volume     = {24},
  number     = {3},
  issn       = {0730-0301},
  journal    = TOG,
  month      = {jul},
  pages      = {504-511},
  numpages   = {8}
}

@inproceedings{10.5555/1218064.1218086,
  author    = {Th\"{u}rey, Nils and R\"{u}de, Ulrich and Stamminger, Marc},
  title     = {Animation of Open Water Phenomena with Coupled Shallow Water and Free Surface Simulations},
  year      = {2006},
  isbn      = {3905673347},
  publisher = {Eurographics Association},
  address   = {Goslar, DEU},
  booktitle = {Proceedings of the 2006 ACM SIGGRAPH/Eurographics Symposium on Computer Animation},
  pages     = {157-164},
  numpages  = {8},
  location  = {Vienna, Austria},
  series    = {SCA '06}
}

@article{10.1109/TVCG.2012.303,
  author  = {Liu, Xiaopei and Pang, Wai-Man and Qin, Jing and Fu, Chi-Wing},
  journal = {IEEE Transactions on Visualization and Computer Graphics},
  title   = {Turbulence Simulation by Adaptive Multi-Relaxation Lattice Boltzmann Modeling},
  year    = {2014},
  volume  = {20},
  number  = {2},
  pages   = {289-302}
}

@inproceedings{doi:10.2514/6.2009-3395,
  author    = {Guillaume Brès and Franck Pérot and David Freed},
  title     = {Properties of the Lattice Boltzmann Method for Acoustics},
  booktitle = {15th AIAA/CEAS Aeroacoustics Conference (30th AIAA Aeroacoustics Conference)},
  pages     = {3395},
  year      = {2009}
}

@mastersthesis{viggen2009lattice,
  title  = {The lattice Boltzmann method with applications in acoustics},
  author = {Viggen, Erlend Magnus},
  year   = {2009},
  school = {Norwegian University of Science and Technology}
}

@book{rayleigh1896theory,
  title     = {The Theory of Sound},
  author    = {Rayleigh, John William Strutt Baron},
  volume    = {2},
  year      = {1896},
  publisher = {Macmillan}
}

@article{doi:10.1142/S0219876221500705,
  author  = {Cai, Yunan and Lu, Jianhua and Wang, Shuangqiang and Xia, Ye and Li, Sheng},
  title   = {A Lagrangian Point Approximation-Based Immersed Boundary-Lattice Boltzmann Method for FSI Problems Involving Deformable Body},
  journal = {International Journal of Computational Methods},
  volume  = {19},
  number  = {03},
  pages   = {2150070},
  year    = {2022}
}

@article{WU2017103,
  title   = {Lattice-Boltzmann lattice-spring simulations of influence of deformable blockages on blood fluids in an elastic vessel},
  journal = {Computers & Fluids},
  volume  = {155},
  pages   = {103-111},
  year    = {2017},
  note    = {ICMMES2015},
  issn    = {0045-7930},
  author  = {Tai-Hsien Wu and Dewei Qi}
}

@article{PhysRevE.106.015308,
  title     = {Accuracy and performance of the lattice Boltzmann method with 64-bit, 32-bit, and customized 16-bit number formats},
  author    = {Lehmann, Moritz and Krause, Mathias J. and Amati, Giorgio and Sega, Marcello and Harting, Jens and Gekle, Stephan},
  journal   = PRE,
  volume    = {106},
  number    = {1},
  pages     = {015308},
  numpages  = {28},
  year      = {2022},
  month     = {Jul},
  publisher = {American Physical Society}
}

@book{bridson2015fluid,
  title     = {Fluid Simulation for Computer Graphics},
  author    = {Bridson, Robert},
  year      = {2015},
  publisher = {CRC press},
  edition   = {2nd ed}
}

@inproceedings{doi:10.2514/6.2013-2256,
  author    = {Andre F. Ribeiro and Damiano Casalino and Ehab Fares and Swen E. Noelting},
  title     = {CFD/CAA Analysis of the LAGOON Landing Gear Configuration},
  booktitle = {19th AIAA/CEAS Aeroacoustics Conference},
  chapter   = {2256},
  year      = {2013}
}

@article{doi:10.2514/1.J052365,
  author  = {Casalino, Damiano and Ribeiro, Andr\'{e} F. P. and Fares, Ehab and N\"{o}lting, Swen},
  title   = {Lattice-Boltzmann Aeroacoustic Analysis of the LAGOON Landing-Gear Configuration},
  journal = {AIAA Journal},
  volume  = {52},
  number  = {6},
  pages   = {1232-1248},
  year    = {2014}
}

@article{ASTOUL2020109645,
  title   = {Analysis and reduction of spurious noise generated at grid refinement interfaces with the lattice Boltzmann method},
  journal = JCP,
  volume  = {418},
  pages   = {109645},
  year    = {2020},
  issn    = {0021-9991},
  author  = {Thomas Astoul and Gauthier Wissocq and Jean-François Boussuge and Alois Sengissen and Pierre Sagaut}
}

@article{10.1063/5.0046938,
  author  = {Petersen, K. J. and Brinkerhoff, J. R.},
  title   = {{On the lattice Boltzmann method and its application to turbulent, multiphase flows of various fluids including cryogens: A review}},
  journal = {Physics of Fluids},
  volume  = {33},
  number  = {4},
  pages   = {041302},
  year    = {2021},
  month   = {04},
  issn    = {1070-6631}
}

@article{THORIMBERT2022101864,
  title   = {Local mesh refinement sensor for the lattice Boltzmann method},
  journal = {Journal of Computational Science},
  volume  = {64},
  pages   = {101864},
  year    = {2022},
  issn    = {1877-7503},
  author  = {Y. Thorimbert and D. Lagrava and O. Malaspinas and B. Chopard and C. Coreixas and J. {de Santana Neto} and R. Deiterding and J. Latt}
}

@misc{tao-2018,
  title         = {A distribution function correction-based immersed boundary- lattice Boltzmann method with truly second-order accuracy for fluid-solid flows},
  author        = {Shi Tao and Qing He and Baiman Chen and Simin Huang},
  year          = {2018},
  eprint        = {1803.09380},
  archiveprefix = {arXiv},
  url           = {https://arxiv.org/abs/1803.09380}
}

@article{zhang2016accuracy,
  title   = {Accuracy improvement of the immersed boundary-lattice {B}oltzmann coupling scheme by iterative force correction},
  author  = {Zhang, Chunze and Cheng, Yongguang and Zhu, Luoding and Wu, Jiayang},
  journal = {Computers \& Fluids},
  volume  = {124},
  pages   = {246-260},
  year    = {2016}
}

@article{B918055A,
  author    = {Kobel, Stefan and Valero, Ana and Latt, Jonas and Renaud, Philippe and Lutolf, Matthias},
  title     = {Optimization of microfluidic single cell trapping for long-term on-chip culture},
  journal   = {Lab Chip},
  year      = {2010},
  volume    = {10},
  number    = {7},
  pages     = {857-863},
  publisher = {The Royal Society of Chemistry}
}

@article{doi:10.1142/S0129183113400081,
  author  = {PARMIGIANI, ANDREA and LATT, JONAS and BEGACEM, MOHAMED BEN and CHOPARD, BASTIEN},
  title   = {A LATTICE BOLTZMANN SIMULATION OF THE RHONE RIVER},
  journal = {International Journal of Modern Physics C},
  volume  = {24},
  number  = {12},
  pages   = {1340008},
  year    = {2013}
}

@inproceedings{coreixas2015round,
  title     = {Round Cavity Noise Simulations using Lattice-Boltzmann Solver},
  author    = {Coreixas, Christophe},
  booktitle = {11th PEGASUS-AIAA Student Conference},
  year      = {2015},
  publisher = {{American Institute of Aeronautics and Astronautics}},
  location  = {Salon de Provence, France}
}

@article{doi:10.1142/S0218127492000641,
  author  = {Cartwright, Julyan H. E. and Piro, Oreste},
  title   = {The Dynamics of Runge-Kutta Methods},
  journal = {International Journal of Bifurcation and Chaos},
  volume  = {02},
  number  = {03},
  pages   = {427-449},
  year    = {1992}
}